<DATE>;<TIME>;<LAST>;<VOL>;<ID>;<OPER>
20240124;095941;6883.000000000;1;9459157874;S
20240124;095941;6883.000000000;3;9459157875;S
20240124;095941;6883.000000000;1;9459157876;S
20240124;095941;6883.000000000;1;9459157877;S
20240124;095941;6883.000000000;1;9459157878;B
20240124;095941;6883.000000000;1;9459157879;B
20240124;095941;6883.000000000;1;9459157880;B
20240124;095941;6883.000000000;10;9459157881;B
20240124;095941;6883.000000000;1;9459157882;B
20240124;095941;6883.000000000;1;9459157883;B
20240124;095941;6883.000000000;1;9459157884;S
20240124;095941;6883.000000000;1;9459157885;S
20240124;095941;6883.000000000;1;9459157886;S
20240124;095941;6883.000000000;1;9459157887;S
20240124;095941;6883.000000000;6;9459157888;S
20240124;095941;6883.000000000;1;9459157889;S
20240124;095941;6883.000000000;4;9459157890;S
20240124;095941;6883.000000000;1;9459157891;S
20240124;095941;6883.000000000;4;9459157892;B
20240124;095941;6883.000000000;15;9459157893;B
20240124;095941;6883.000000000;3;9459157894;B
20240124;095941;6883.000000000;20;9459157895;B
20240124;100000;6880.000000000;15;9459163494;S
20240124;100000;6880.000000000;11;9459163516;S
20240124;100000;6880.000000000;25;9459163552;S
20240124;100000;6880.000000000;35;9459163579;S
20240124;100000;6880.000000000;7;9459163588;S
20240124;100000;6880.000000000;7;9459163608;S
20240124;100000;6880.000000000;1;9459163609;S
20240124;100000;6878.000000000;8;9459163874;B
20240124;100000;6878.500000000;2;9459163875;B
20240124;100001;6878.500000000;1;9459164135;B
20240124;100001;6877.000000000;1;9459164240;S
20240124;100001;6876.000000000;2;9459164241;S
20240124;100001;6875.500000000;2;9459164364;B
20240124;100002;6875.000000000;49;9459164722;S
20240124;100002;6878.500000000;2;9459164766;B
20240124;100004;6878.500000000;2;9459165496;B
20240124;100004;6879.000000000;20;9459165497;B
20240124;100004;6880.000000000;29;9459165498;B
20240124;100004;6880.500000000;35;9459165499;B
20240124;100004;6881.000000000;20;9459165500;B
20240124;100004;6881.500000000;31;9459165501;B
20240124;100004;6882.000000000;13;9459165502;B
20240124;100005;6877.000000000;5;9459166484;S
20240124;100005;6881.500000000;1;9459166876;B
20240124;100005;6881.500000000;1;9459168131;B
20240124;100006;6881.000000000;1;9459169013;B
20240124;100010;6877.000000000;2;9459170763;S
20240124;100010;6882.000000000;2;9459170873;B
20240124;100015;6881.500000000;1;9459172106;B
20240124;100017;6880.000000000;4;9459172639;S
20240124;100024;6881.500000000;2;9459174433;B
20240124;100024;6882.000000000;1;9459174434;B
20240124;100029;6882.000000000;4;9459175568;B
20240124;100034;6882.000000000;2;9459176377;B
20240124;100034;6882.000000000;13;9459176378;B
20240124;100036;6882.000000000;7;9459177096;B
20240124;100036;6882.000000000;5;9459177097;B
20240124;100036;6882.000000000;2;9459177140;B
20240124;100038;6882.000000000;6;9459177475;B
20240124;100038;6882.500000000;1;9459177584;B
20240124;100039;6881.500000000;6;9459177668;S
20240124;100042;6883.000000000;1;9459178428;B
20240124;100050;6882.500000000;3;9459180490;B
20240124;100050;6882.500000000;3;9459180559;B
20240124;100050;6882.500000000;2;9459180560;B
20240124;100050;6882.500000000;8;9459180561;B
20240124;100050;6882.500000000;5;9459180562;B
20240124;100050;6882.500000000;2;9459180563;B
20240124;100050;6883.000000000;1;9459180564;B
20240124;100050;6883.000000000;3;9459180565;B
20240124;100050;6882.500000000;2;9459180566;B
20240124;100050;6882.500000000;5;9459180567;B
20240124;100050;6882.500000000;6;9459180568;B
20240124;100050;6883.000000000;9;9459180569;B
20240124;100050;6883.000000000;4;9459180570;B
20240124;100050;6883.000000000;1;9459180571;B
20240124;100050;6883.000000000;2;9459180572;B
20240124;100050;6883.000000000;2;9459180573;B
20240124;100050;6883.000000000;17;9459180574;B
20240124;100050;6883.000000000;2;9459180576;B
20240124;100050;6883.000000000;2;9459180577;B
20240124;100050;6883.000000000;5;9459180578;B
20240124;100050;6883.000000000;6;9459180579;B
20240124;100050;6883.000000000;1;9459180580;B
20240124;100050;6883.000000000;5;9459180586;B
20240124;100050;6882.500000000;6;9459180595;B
20240124;100050;6883.000000000;6;9459180597;B
20240124;100053;6883.000000000;3;9459181117;B
20240124;100053;6883.000000000;2;9459181122;B
20240124;100053;6883.000000000;3;9459181124;B
20240124;100053;6883.000000000;2;9459181125;B
20240124;100053;6883.000000000;3;9459181126;B
20240124;100053;6883.000000000;3;9459181127;B
20240124;100053;6883.000000000;7;9459181128;B
20240124;100053;6883.000000000;3;9459181129;B
20240124;100053;6883.000000000;2;9459181130;B
20240124;100053;6883.000000000;7;9459181131;B
20240124;100053;6883.000000000;3;9459181132;B
20240124;100053;6883.000000000;1;9459181134;B
20240124;100053;6883.000000000;3;9459181135;B
20240124;100053;6883.000000000;2;9459181137;B
20240124;100053;6883.000000000;9;9459181138;B
20240124;100053;6883.000000000;3;9459181139;B
20240124;100053;6883.000000000;9;9459181141;B
20240124;100053;6883.000000000;2;9459181142;B
20240124;100053;6883.000000000;2;9459181143;B
20240124;100053;6883.000000000;3;9459181144;B
20240124;100053;6883.000000000;4;9459181145;B
20240124;100053;6883.000000000;3;9459181146;B
20240124;100053;6883.000000000;4;9459181151;B
20240124;100053;6883.000000000;3;9459181152;B
20240124;100053;6883.000000000;3;9459181153;B
20240124;100053;6883.000000000;1;9459181154;B
20240124;100053;6883.000000000;2;9459181155;B
20240124;100053;6883.000000000;3;9459181159;B
20240124;100053;6883.000000000;8;9459181160;B
20240124;100053;6883.000000000;3;9459181161;B
20240124;100053;6883.000000000;2;9459181162;B
20240124;100053;6883.000000000;3;9459181163;B
20240124;100055;6883.000000000;39;9459181551;B
20240124;100055;6883.000000000;2;9459181553;B
20240124;100055;6883.000000000;3;9459181554;B
20240124;100055;6883.000000000;3;9459181555;B
20240124;100055;6883.000000000;4;9459181556;B
20240124;100055;6883.000000000;8;9459181557;B
20240124;100055;6883.000000000;5;9459181558;B
20240124;100055;6883.000000000;2;9459181559;B
20240124;100055;6883.000000000;1;9459181560;B
20240124;100055;6883.000000000;3;9459181561;B
20240124;100055;6883.000000000;5;9459181562;B
20240124;100055;6883.000000000;3;9459181563;B
20240124;100055;6883.000000000;2;9459181564;B
20240124;100055;6883.000000000;2;9459181565;B
20240124;100055;6883.000000000;4;9459181566;B
20240124;100055;6883.000000000;6;9459181567;B
20240124;100055;6883.000000000;3;9459181568;B
20240124;100055;6883.000000000;6;9459181569;B
20240124;100055;6883.000000000;3;9459181570;B
20240124;100055;6883.000000000;9;9459181571;B
20240124;100055;6883.000000000;2;9459181572;B
20240124;100055;6883.000000000;3;9459181573;B
20240124;100055;6883.000000000;3;9459181575;B
20240124;100055;6883.000000000;3;9459181581;B
20240124;100057;6883.000000000;3;9459181983;B
20240124;100057;6883.000000000;5;9459181984;B
20240124;100057;6883.000000000;3;9459181985;B
20240124;100057;6883.000000000;15;9459181986;B
20240124;100057;6883.000000000;12;9459181991;B
20240124;100057;6883.000000000;3;9459181993;B
20240124;100057;6883.000000000;2;9459181994;B
20240124;100057;6883.000000000;4;9459181995;B
20240124;100057;6883.000000000;3;9459181996;B
20240124;100057;6883.000000000;3;9459181997;B
20240124;100057;6883.000000000;2;9459181998;B
20240124;100057;6883.000000000;13;9459181999;B
20240124;100057;6883.000000000;4;9459182000;B
20240124;100057;6883.000000000;11;9459182001;B
20240124;100057;6883.000000000;9;9459182002;B
20240124;100057;6883.000000000;16;9459182003;B
20240124;100057;6883.000000000;8;9459182004;B
20240124;100057;6883.000000000;2;9459182005;B
20240124;100057;6883.000000000;3;9459182006;B
20240124;100057;6883.000000000;3;9459182007;B
20240124;100057;6883.000000000;3;9459182008;B
20240124;100057;6883.000000000;3;9459182009;B
20240124;100057;6883.000000000;2;9459182010;B
20240124;100058;6883.000000000;5;9459182188;B
20240124;100059;6882.000000000;14;9459182355;S
20240124;100059;6882.000000000;30;9459182356;S
20240124;100059;6882.000000000;1;9459182357;S
20240124;100059;6883.000000000;3;9459182381;B
20240124;100100;6883.000000000;3;9459182439;B
20240124;100100;6883.000000000;1;9459182440;B
20240124;100100;6883.000000000;2;9459182441;B
20240124;100100;6883.000000000;4;9459182442;B
20240124;100100;6883.000000000;7;9459182443;B
20240124;100100;6883.500000000;5;9459182444;B
20240124;100100;6883.500000000;3;9459182445;B
20240124;100100;6883.000000000;2;9459182446;B
20240124;100100;6883.000000000;4;9459182448;B
20240124;100100;6883.000000000;7;9459182449;B
20240124;100100;6883.000000000;7;9459182456;B
20240124;100100;6883.000000000;2;9459182457;B
20240124;100100;6883.000000000;3;9459182458;B
20240124;100100;6883.000000000;2;9459182460;B
20240124;100100;6883.000000000;2;9459182461;B
20240124;100100;6883.000000000;1;9459182462;B
20240124;100100;6883.000000000;1;9459182463;B
20240124;100100;6883.500000000;1;9459182464;B
20240124;100100;6883.500000000;1;9459182465;B
20240124;100100;6883.500000000;3;9459182466;B
20240124;100100;6884.000000000;6;9459182467;B
20240124;100100;6884.000000000;2;9459182468;B
20240124;100100;6884.000000000;3;9459182469;B
20240124;100100;6884.000000000;2;9459182478;B
20240124;100100;6884.000000000;4;9459182479;B
20240124;100100;6884.000000000;5;9459182480;B
20240124;100100;6884.500000000;6;9459182481;B
20240124;100100;6884.500000000;30;9459182482;B
20240124;100100;6885.000000000;70;9459182483;B
20240124;100100;6885.000000000;20;9459182484;B
20240124;100100;6885.000000000;6;9459182485;B
20240124;100100;6885.000000000;1;9459182486;B
20240124;100100;6885.000000000;5;9459182487;B
20240124;100100;6885.000000000;20;9459182488;B
20240124;100100;6885.000000000;37;9459182489;B
20240124;100100;6885.000000000;3;9459182490;B
20240124;100100;6885.500000000;4;9459182491;B
20240124;100100;6885.500000000;4;9459182492;B
20240124;100100;6885.500000000;9;9459182493;B
20240124;100100;6885.500000000;3;9459182494;B
20240124;100100;6885.500000000;5;9459182495;B
20240124;100100;6885.500000000;3;9459182498;B
20240124;100100;6885.500000000;9;9459182507;B
20240124;100100;6885.500000000;3;9459182508;B
20240124;100100;6885.000000000;5;9459182611;B
20240124;100100;6885.500000000;21;9459182612;B
20240124;100102;6884.500000000;1;9459182933;B
20240124;100102;6885.500000000;1;9459182934;B
20240124;100102;6885.500000000;4;9459182939;B
20240124;100102;6885.500000000;3;9459182974;B
20240124;100102;6885.500000000;3;9459182975;B
20240124;100102;6885.500000000;3;9459182976;B
20240124;100102;6885.500000000;4;9459182977;B
20240124;100102;6885.500000000;2;9459182979;B
20240124;100102;6885.500000000;2;9459182980;B
20240124;100102;6885.500000000;3;9459182981;B
20240124;100102;6885.500000000;2;9459182982;B
20240124;100102;6885.500000000;6;9459182983;B
20240124;100102;6885.500000000;6;9459182984;B
20240124;100102;6885.500000000;4;9459182986;B
20240124;100102;6885.500000000;2;9459182987;B
20240124;100102;6885.500000000;24;9459182988;B
20240124;100102;6885.500000000;9;9459182989;B
20240124;100102;6885.500000000;1;9459182990;B
20240124;100102;6885.500000000;13;9459182991;B
20240124;100102;6885.500000000;3;9459182992;B
20240124;100102;6885.500000000;3;9459182993;B
20240124;100102;6885.500000000;4;9459182994;B
20240124;100102;6885.500000000;2;9459182995;B
20240124;100102;6885.500000000;2;9459182996;B
20240124;100102;6885.500000000;3;9459182997;B
20240124;100102;6885.500000000;3;9459182998;B
20240124;100102;6885.500000000;2;9459182999;B
20240124;100102;6885.500000000;6;9459183000;B
20240124;100102;6885.500000000;3;9459183001;B
20240124;100102;6885.500000000;1;9459183002;B
20240124;100105;6885.500000000;31;9459183407;B
20240124;100105;6885.500000000;8;9459183408;B
20240124;100105;6885.500000000;3;9459183409;B
20240124;100105;6885.500000000;3;9459183410;B
20240124;100105;6885.500000000;7;9459183411;B
20240124;100105;6885.500000000;11;9459183412;B
20240124;100105;6885.500000000;6;9459183414;B
20240124;100105;6885.500000000;1;9459183415;B
20240124;100105;6885.500000000;2;9459183416;B
20240124;100105;6885.500000000;2;9459183426;B
20240124;100105;6885.500000000;3;9459183428;B
20240124;100109;6885.000000000;1;9459184185;B
20240124;100114;6885.500000000;1;9459185054;B
20240124;100120;6885.500000000;5;9459186081;B
20240124;100124;6885.000000000;1;9459186652;S
20240124;100125;6885.000000000;14;9459186904;S
20240124;100125;6885.000000000;2;9459186905;S
20240124;100125;6885.000000000;2;9459186906;S
20240124;100125;6885.000000000;2;9459186907;S
20240124;100125;6884.500000000;9;9459186908;S
20240124;100125;6883.000000000;3;9459186909;S
20240124;100125;6882.000000000;22;9459186910;S
20240124;100125;6881.500000000;66;9459186911;S
20240124;100125;6881.000000000;20;9459186912;S
20240124;100125;6879.500000000;20;9459186913;S
20240124;100125;6879.000000000;11;9459186914;S
20240124;100125;6878.500000000;20;9459186915;S
20240124;100125;6878.000000000;1;9459186916;S
20240124;100125;6877.500000000;3;9459186917;S
20240124;100125;6878.500000000;10;9459186918;S
20240124;100127;6885.000000000;2;9459187203;B
20240124;100131;6885.000000000;10;9459188347;B
20240124;100134;6885.000000000;1;9459188846;B
20240124;100135;6882.500000000;1;9459188977;S
20240124;100137;6882.500000000;1;9459189332;S
20240124;100152;6885.000000000;5;9459191675;B
20240124;100152;6885.000000000;1;9459191676;B
20240124;100159;6885.500000000;6;9459192941;B
20240124;100203;6885.500000000;1;9459193626;B
20240124;100203;6885.000000000;2;9459193678;S
20240124;100204;6885.000000000;1;9459193809;S
20240124;100205;6885.000000000;1;9459193936;S
20240124;100205;6885.000000000;20;9459193937;S
20240124;100208;6885.000000000;1;9459194488;B
20240124;100216;6885.000000000;15;9459195822;B
20240124;100221;6885.000000000;1;9459196377;B
20240124;100229;6885.000000000;12;9459197545;B
20240124;100229;6885.000000000;7;9459197546;B
20240124;100232;6885.500000000;4;9459197958;B
20240124;100232;6885.000000000;1;9459198069;S
20240124;100234;6885.500000000;1;9459198310;B
20240124;100237;6885.500000000;12;9459198727;B
20240124;100241;6885.500000000;5;9459199311;B
20240124;100245;6885.000000000;2;9459199785;S
20240124;100250;6885.500000000;2;9459200411;B
20240124;100250;6885.500000000;50;9459200413;B
20240124;100251;6885.500000000;167;9459200483;B
20240124;100253;6885.500000000;25;9459200881;B
20240124;100253;6885.500000000;50;9459200911;B
20240124;100256;6885.500000000;200;9459201377;B
20240124;100256;6885.500000000;2;9459201378;B
20240124;100257;6885.500000000;7;9459201541;B
20240124;100257;6885.500000000;3;9459201542;B
20240124;100258;6885.500000000;5;9459201677;B
20240124;100300;6885.500000000;1;9459202114;B
20240124;100302;6885.500000000;1;9459202415;B
20240124;100303;6885.000000000;18;9459202535;S
20240124;100303;6885.000000000;1;9459202536;S
20240124;100303;6885.000000000;2;9459202537;S
20240124;100303;6885.000000000;1;9459202538;S
20240124;100312;6885.000000000;1;9459203963;S
20240124;100313;6885.500000000;4;9459204086;B
20240124;100313;6885.500000000;6;9459204087;B
20240124;100317;6885.500000000;6;9459204653;B
20240124;100317;6885.500000000;7;9459204654;B
20240124;100317;6885.500000000;9;9459204655;B
20240124;100317;6885.500000000;1;9459204656;B
20240124;100317;6886.000000000;6;9459204657;B
20240124;100317;6886.000000000;1;9459204658;B
20240124;100317;6886.500000000;6;9459204663;B
20240124;100324;6886.500000000;2;9459205728;S
20240124;100325;6886.500000000;1;9459205880;S
20240124;100325;6887.000000000;2;9459205912;B
20240124;100326;6887.000000000;3;9459206018;B
20240124;100329;6887.000000000;1;9459206316;B
20240124;100330;6887.500000000;1;9459206626;B
20240124;100334;6887.500000000;1;9459207231;B
20240124;100334;6887.500000000;2;9459207274;B
20240124;100340;6887.500000000;1;9459208111;B
20240124;100342;6887.500000000;1;9459208417;B
20240124;100342;6887.500000000;4;9459208418;B
20240124;100345;6888.000000000;6;9459208794;B
20240124;100345;6888.000000000;4;9459208795;B
20240124;100348;6887.500000000;10;9459209279;S
20240124;100348;6888.000000000;1;9459209337;B
20240124;100351;6888.000000000;1;9459210033;B
20240124;100355;6888.000000000;4;9459210699;B
20240124;100355;6888.000000000;4;9459210700;B
20240124;100355;6888.500000000;6;9459210701;B
20240124;100355;6889.000000000;6;9459210702;B
20240124;100355;6889.000000000;21;9459210703;B
20240124;100356;6889.500000000;1;9459210710;B
20240124;100356;6889.500000000;1;9459210731;B
20240124;100356;6889.500000000;4;9459210749;B
20240124;100356;6889.500000000;11;9459210750;B
20240124;100356;6890.000000000;6;9459210751;B
20240124;100356;6890.000000000;5;9459210752;B
20240124;100356;6890.000000000;1;9459210753;B
20240124;100356;6890.000000000;6;9459210754;B
20240124;100356;6889.000000000;5;9459210790;S
20240124;100356;6890.000000000;4;9459210832;B
20240124;100356;6890.500000000;6;9459210833;B
20240124;100356;6891.000000000;6;9459210834;B
20240124;100356;6891.000000000;9;9459210835;B
20240124;100356;6891.000000000;1;9459210836;B
20240124;100356;6891.500000000;6;9459210837;B
20240124;100356;6891.500000000;3;9459210838;B
20240124;100356;6891.500000000;11;9459210839;B
20240124;100356;6892.000000000;6;9459210840;B
20240124;100356;6892.500000000;6;9459210841;B
20240124;100356;6892.500000000;2;9459210842;B
20240124;100356;6893.000000000;5;9459210843;B
20240124;100356;6893.000000000;6;9459210844;B
20240124;100358;6893.500000000;1;9459211112;B
20240124;100400;6893.500000000;1;9459211589;B
20240124;100401;6893.500000000;4;9459211696;B
20240124;100401;6894.000000000;6;9459211697;B
20240124;100401;6894.000000000;20;9459211698;B
20240124;100401;6894.500000000;6;9459211699;B
20240124;100401;6894.500000000;3;9459211700;B
20240124;100401;6895.000000000;6;9459211701;B
20240124;100401;6895.000000000;15;9459211702;B
20240124;100401;6895.000000000;11;9459211703;B
20240124;100401;6895.500000000;6;9459211704;B
20240124;100401;6895.500000000;29;9459211705;B
20240124;100401;6896.000000000;6;9459211706;B
20240124;100401;6896.000000000;20;9459211707;B
20240124;100401;6896.500000000;6;9459211708;B
20240124;100401;6897.000000000;6;9459211709;B
20240124;100401;6897.000000000;2;9459211710;B
20240124;100401;6893.500000000;22;9459211739;S
20240124;100401;6893.500000000;20;9459211740;S
20240124;100401;6893.000000000;28;9459211741;S
20240124;100402;6893.500000000;1;9459211979;S
20240124;100413;6895.500000000;1;9459213913;B
20240124;100415;6895.500000000;1;9459214157;B
20240124;100415;6896.000000000;1;9459214158;B
20240124;100417;6895.500000000;1;9459214612;B
20240124;100417;6896.000000000;1;9459214613;B
20240124;100418;6896.000000000;8;9459214911;B
20240124;100421;6896.000000000;1;9459215394;B
20240124;100421;6897.000000000;3;9459215395;B
20240124;100421;6897.000000000;1;9459215396;B
20240124;100421;6897.000000000;5;9459215397;B
20240124;100421;6897.500000000;5;9459215545;B
20240124;100422;6897.500000000;1;9459215662;B
20240124;100422;6897.500000000;4;9459215663;B
20240124;100424;6897.500000000;7;9459216171;B
20240124;100424;6897.500000000;4;9459216173;B
20240124;100425;6898.000000000;1;9459216283;B
20240124;100429;6898.000000000;5;9459217079;B
20240124;100429;6898.000000000;20;9459217080;B
20240124;100429;6898.500000000;6;9459217081;B
20240124;100429;6898.500000000;1;9459217082;B
20240124;100429;6899.000000000;6;9459217083;B
20240124;100429;6899.500000000;2;9459217084;B
20240124;100429;6898.000000000;5;9459217135;S
20240124;100430;6899.000000000;1;9459217202;B
20240124;100431;6899.000000000;1;9459217526;B
20240124;100431;6897.500000000;1;9459217565;S
20240124;100437;6899.000000000;18;9459219064;B
20240124;100437;6899.500000000;4;9459219065;B
20240124;100437;6899.500000000;5;9459219066;B
20240124;100437;6899.500000000;8;9459219067;B
20240124;100437;6900.000000000;15;9459219068;B
20240124;100438;6898.500000000;1;9459219292;S
20240124;100438;6900.000000000;1;9459219293;B
20240124;100439;6898.500000000;7;9459219556;S
20240124;100439;6898.500000000;3;9459219557;S
20240124;100440;6899.000000000;50;9459219800;B
20240124;100441;6899.000000000;15;9459220017;B
20240124;100441;6899.000000000;10;9459220161;B
20240124;100443;6899.000000000;1;9459220537;B
20240124;100448;6899.000000000;1;9459221936;B
20240124;100449;6898.500000000;10;9459222061;S
20240124;100450;6899.000000000;33;9459222234;B
20240124;100450;6899.000000000;17;9459222235;B
20240124;100451;6899.000000000;1;9459222539;B
20240124;100451;6899.000000000;1;9459222614;B
20240124;100455;6899.000000000;2;9459223677;B
20240124;100456;6899.000000000;3;9459223957;B
20240124;100501;6899.000000000;5;9459224951;B
20240124;100501;6899.000000000;5;9459224957;B
20240124;100502;6899.000000000;16;9459225001;B
20240124;100502;6899.000000000;11;9459225002;B
20240124;100502;6899.000000000;2;9459225003;B
20240124;100502;6899.000000000;1;9459225004;B
20240124;100502;6899.500000000;2;9459225042;B
20240124;100502;6899.500000000;3;9459225076;B
20240124;100502;6899.500000000;20;9459225077;B
20240124;100502;6900.000000000;34;9459225254;B
20240124;100502;6900.000000000;20;9459225255;B
20240124;100502;6900.000000000;1;9459225256;B
20240124;100502;6900.000000000;6;9459225257;B
20240124;100502;6900.000000000;1;9459225258;B
20240124;100502;6900.000000000;10;9459225259;B
20240124;100502;6900.000000000;1;9459225260;B
20240124;100502;6900.000000000;1;9459225261;B
20240124;100502;6900.000000000;20;9459225262;B
20240124;100502;6900.000000000;5;9459225263;B
20240124;100502;6900.000000000;2;9459225264;B
20240124;100502;6900.000000000;8;9459225265;B
20240124;100502;6900.000000000;10;9459225266;B
20240124;100502;6900.000000000;100;9459225267;B
20240124;100502;6900.500000000;6;9459225268;B
20240124;100502;6900.500000000;40;9459225269;B
20240124;100502;6900.500000000;20;9459225270;B
20240124;100502;6901.000000000;6;9459225273;B
20240124;100502;6901.000000000;6;9459225274;B
20240124;100502;6901.000000000;6;9459225275;B
20240124;100502;6901.000000000;6;9459225276;B
20240124;100502;6901.000000000;6;9459225277;B
20240124;100502;6901.000000000;6;9459225278;B
20240124;100502;6901.000000000;6;9459225279;B
20240124;100502;6901.000000000;4;9459225280;B
20240124;100502;6901.500000000;6;9459225286;B
20240124;100502;6901.500000000;1;9459225287;B
20240124;100502;6902.000000000;6;9459225288;B
20240124;100502;6902.000000000;11;9459225289;B
20240124;100502;6902.500000000;6;9459225290;B
20240124;100502;6902.500000000;20;9459225291;B
20240124;100502;6902.500000000;7;9459225292;B
20240124;100502;6902.500000000;13;9459225293;B
20240124;100502;6903.000000000;6;9459225294;B
20240124;100502;6903.000000000;7;9459225295;B
20240124;100502;6903.000000000;6;9459225296;B
20240124;100502;6903.500000000;6;9459225297;B
20240124;100502;6903.500000000;5;9459225298;B
20240124;100502;6903.500000000;7;9459225299;B
20240124;100502;6903.500000000;20;9459225340;B
20240124;100502;6904.000000000;6;9459225341;B
20240124;100502;6904.000000000;74;9459225342;B
20240124;100503;6903.500000000;9;9459225548;B
20240124;100503;6904.000000000;2;9459225571;B
20240124;100503;6904.000000000;10;9459225680;B
20240124;100503;6904.000000000;3;9459225748;B
20240124;100503;6904.000000000;3;9459225749;B
20240124;100503;6904.000000000;3;9459225750;B
20240124;100503;6903.000000000;2;9459225856;S
20240124;100503;6903.000000000;3;9459225857;S
20240124;100505;6904.000000000;79;9459226377;B
20240124;100505;6904.000000000;20;9459226423;B
20240124;100506;6904.000000000;206;9459226730;B
20240124;100506;6904.500000000;5;9459226731;B
20240124;100506;6904.500000000;6;9459226732;B
20240124;100506;6905.000000000;6;9459226733;B
20240124;100506;6905.000000000;11;9459226734;B
20240124;100506;6904.000000000;7;9459226783;S
20240124;100506;6904.000000000;6;9459226784;S
20240124;100506;6904.000000000;20;9459226785;S
20240124;100506;6903.500000000;4;9459226786;S
20240124;100506;6903.500000000;13;9459226787;S
20240124;100506;6905.500000000;6;9459226809;B
20240124;100506;6906.000000000;6;9459226810;B
20240124;100506;6906.000000000;10;9459226811;B
20240124;100506;6906.000000000;15;9459226845;B
20240124;100506;6906.000000000;5;9459226846;B
20240124;100506;6906.500000000;4;9459226881;B
20240124;100506;6906.500000000;6;9459226882;B
20240124;100506;6906.500000000;7;9459226883;B
20240124;100508;6906.500000000;1;9459227359;B
20240124;100508;6906.000000000;12;9459227465;S
20240124;100511;6906.500000000;1;9459228205;B
20240124;100516;6906.500000000;5;9459229457;B
20240124;100516;6906.500000000;5;9459229513;B
20240124;100516;6907.000000000;6;9459229514;B
20240124;100516;6907.000000000;2;9459229515;B
20240124;100516;6907.000000000;12;9459229516;B
20240124;100516;6906.500000000;1;9459229589;B
20240124;100516;6906.000000000;3;9459229590;S
20240124;100518;6906.000000000;5;9459229970;S
20240124;100518;6906.000000000;6;9459229971;S
20240124;100518;6906.000000000;2;9459229972;S
20240124;100519;6906.000000000;1;9459230177;S
20240124;100519;6906.000000000;1;9459230186;S
20240124;100519;6906.500000000;1;9459230263;B
20240124;100520;6906.000000000;2;9459230628;B
20240124;100521;6905.500000000;10;9459230973;S
20240124;100521;6905.500000000;10;9459231009;S
20240124;100521;6905.500000000;10;9459231010;S
20240124;100526;6904.500000000;1;9459232188;S
20240124;100531;6904.500000000;1;9459233277;B
20240124;100531;6905.000000000;4;9459233278;B
20240124;100532;6905.500000000;22;9459233313;B
20240124;100532;6905.500000000;20;9459233314;B
20240124;100532;6906.000000000;3;9459233315;B
20240124;100532;6906.000000000;4;9459233316;B
20240124;100532;6906.000000000;5;9459233317;B
20240124;100532;6906.000000000;146;9459233318;B
20240124;100532;6903.500000000;1;9459233406;S
20240124;100532;6903.500000000;4;9459233407;S
20240124;100533;6905.500000000;22;9459233671;B
20240124;100533;6906.000000000;28;9459233672;B
20240124;100536;6905.500000000;1;9459234360;B
20240124;100536;6905.500000000;1;9459234361;S
20240124;100540;6904.000000000;1;9459235210;S
20240124;100552;6901.500000000;4;9459237651;S
20240124;100552;6901.500000000;12;9459237652;S
20240124;100552;6901.500000000;4;9459237653;S
20240124;100600;6903.500000000;1;9459239394;B
20240124;100600;6903.500000000;1;9459239395;B
20240124;100601;6903.500000000;1;9459239555;S
20240124;100601;6901.500000000;5;9459239556;S
20240124;100601;6901.500000000;1;9459239662;S
20240124;100602;6901.500000000;2;9459239844;B
20240124;100609;6900.500000000;1;9459241790;S
20240124;100612;6901.500000000;11;9459242643;B
20240124;100613;6901.500000000;10;9459242747;B
20240124;100614;6901.500000000;11;9459243128;B
20240124;100617;6901.000000000;1;9459243623;B
20240124;100617;6901.500000000;3;9459243624;B
20240124;100617;6901.500000000;62;9459243679;B
20240124;100622;6904.500000000;1;9459245101;B
20240124;100624;6901.000000000;5;9459245471;S
20240124;100628;6901.000000000;1;9459246156;S
20240124;100630;6901.500000000;1;9459246468;B
20240124;100638;6900.500000000;1;9459247973;S
20240124;100638;6900.500000000;3;9459247974;S
20240124;100639;6900.500000000;4;9459248200;S
20240124;100639;6900.500000000;1;9459248201;S
20240124;100639;6900.000000000;2;9459248202;S
20240124;100640;6900.000000000;3;9459248412;S
20240124;100640;6900.000000000;10;9459248413;S
20240124;100640;6899.500000000;28;9459248414;S
20240124;100640;6899.500000000;4;9459248415;S
20240124;100646;6898.000000000;3;9459249170;S
20240124;100647;6898.000000000;2;9459249371;S
20240124;100648;6898.000000000;6;9459249392;S
20240124;100648;6897.500000000;4;9459249393;S
20240124;100648;6897.500000000;5;9459249394;S
20240124;100648;6897.500000000;1;9459249395;S
20240124;100648;6896.000000000;20;9459249396;S
20240124;100648;6895.500000000;3;9459249397;S
20240124;100648;6895.000000000;29;9459249398;S
20240124;100648;6894.500000000;11;9459249399;S
20240124;100648;6894.500000000;20;9459249400;S
20240124;100648;6894.000000000;2;9459249401;S
20240124;100648;6893.500000000;20;9459249402;S
20240124;100648;6893.000000000;26;9459249403;S
20240124;100648;6893.000000000;40;9459249404;S
20240124;100648;6892.000000000;11;9459249405;S
20240124;100648;6892.000000000;2;9459249406;S
20240124;100649;6894.500000000;15;9459249576;S
20240124;100649;6893.500000000;7;9459249615;S
20240124;100649;6891.500000000;5;9459249616;S
20240124;100651;6892.000000000;1;9459249944;S
20240124;100652;6894.500000000;2;9459250120;B
20240124;100653;6894.000000000;1;9459250370;S
20240124;100654;6894.500000000;4;9459250592;B
20240124;100656;6894.500000000;10;9459250927;B
20240124;100657;6894.000000000;3;9459251128;S
20240124;100657;6894.000000000;1;9459251129;S
20240124;100657;6894.500000000;34;9459251131;B
20240124;100657;6898.500000000;4;9459251163;B
20240124;100657;6899.000000000;10;9459251164;B
20240124;100657;6899.000000000;1;9459251165;B
20240124;100657;6899.500000000;20;9459251166;B
20240124;100657;6901.500000000;20;9459251167;B
20240124;100657;6903.500000000;1;9459251168;B
20240124;100657;6903.500000000;40;9459251169;B
20240124;100657;6903.500000000;20;9459251170;B
20240124;100657;6903.500000000;29;9459251171;B
20240124;100657;6904.000000000;11;9459251172;B
20240124;100657;6904.500000000;20;9459251173;B
20240124;100657;6905.000000000;124;9459251174;B
20240124;100658;6899.000000000;5;9459251221;S
20240124;100705;6900.000000000;4;9459252670;S
20240124;100705;6899.500000000;4;9459252671;S
20240124;100705;6899.000000000;2;9459252672;S
20240124;100706;6900.000000000;26;9459252837;B
20240124;100723;6902.500000000;1;9459255733;S
20240124;100723;6902.000000000;9;9459255734;S
20240124;100727;6902.000000000;2;9459256435;S
20240124;100736;6904.000000000;1;9459258129;B
20240124;100752;6904.000000000;3;9459260791;B
20240124;100755;6904.000000000;1;9459261288;B
20240124;100756;6902.000000000;1;9459261373;S
20240124;100756;6902.000000000;2;9459261383;S
20240124;100756;6901.500000000;8;9459261384;S
20240124;100756;6901.500000000;14;9459261385;S
20240124;100756;6901.500000000;3;9459261386;S
20240124;100756;6901.500000000;7;9459261387;S
20240124;100756;6901.500000000;8;9459261388;S
20240124;100756;6901.500000000;1;9459261389;S
20240124;100756;6901.000000000;1;9459261390;S
20240124;100811;6901.000000000;1;9459264123;S
20240124;100823;6903.000000000;1;9459265956;B
20240124;100823;6900.000000000;1;9459265983;S
20240124;100823;6903.000000000;6;9459266077;B
20240124;100837;6900.000000000;1;9459268337;S
20240124;100837;6899.500000000;1;9459268338;S
20240124;100837;6899.500000000;2;9459268339;S
20240124;100837;6899.000000000;3;9459268340;S
20240124;100837;6898.500000000;11;9459268341;S
20240124;100837;6898.500000000;2;9459268342;S
20240124;100841;6902.000000000;1;9459268862;B
20240124;100844;6902.000000000;8;9459269396;B
20240124;100844;6902.500000000;3;9459269397;B
20240124;100844;6902.500000000;1;9459269398;S
20240124;100858;6903.000000000;1;9459271343;B
20240124;100905;6903.000000000;2;9459272547;B
20240124;100906;6902.500000000;2;9459272691;S
20240124;100907;6902.500000000;38;9459272843;S
20240124;100907;6903.000000000;1;9459272885;B
20240124;100909;6903.000000000;5;9459273058;B
20240124;100909;6903.000000000;1;9459273059;B
20240124;100909;6903.000000000;4;9459273060;B
20240124;100909;6903.000000000;7;9459273162;B
20240124;100911;6903.500000000;2;9459273385;B
20240124;100912;6904.000000000;25;9459273551;B
20240124;100912;6904.500000000;3;9459273552;B
20240124;100912;6905.000000000;5;9459273553;B
20240124;100912;6905.000000000;5;9459273554;B
20240124;100912;6905.000000000;11;9459273555;B
20240124;100912;6905.000000000;4;9459273556;B
20240124;100912;6905.500000000;7;9459273557;B
20240124;100912;6905.500000000;1;9459273558;B
20240124;100912;6905.500000000;20;9459273559;B
20240124;100912;6906.000000000;5;9459273560;B
20240124;100912;6906.000000000;11;9459273561;B
20240124;100912;6906.500000000;2;9459273562;B
20240124;100912;6906.500000000;3;9459273563;B
20240124;100912;6906.500000000;28;9459273564;B
20240124;100912;6907.000000000;1;9459273565;B
20240124;100912;6907.000000000;1;9459273566;B
20240124;100912;6907.000000000;3;9459273567;B
20240124;100912;6907.000000000;15;9459273568;B
20240124;100912;6907.000000000;8;9459273569;B
20240124;100912;6907.000000000;10;9459273570;B
20240124;100912;6907.000000000;1;9459273571;B
20240124;100912;6907.000000000;20;9459273572;B
20240124;100912;6907.500000000;6;9459273573;B
20240124;100912;6907.500000000;7;9459273574;B
20240124;100912;6907.500000000;11;9459273575;B
20240124;100912;6908.000000000;6;9459273576;B
20240124;100912;6908.000000000;20;9459273577;B
20240124;100912;6908.500000000;1;9459273578;B
20240124;100912;6908.500000000;6;9459273579;B
20240124;100912;6908.500000000;7;9459273580;B
20240124;100912;6909.000000000;6;9459273581;B
20240124;100912;6909.000000000;10;9459273582;B
20240124;100912;6909.000000000;65;9459273583;B
20240124;100912;6909.500000000;6;9459273584;B
20240124;100912;6909.500000000;7;9459273585;B
20240124;100912;6909.000000000;10;9459273586;B
20240124;100912;6909.000000000;28;9459273609;B
20240124;100912;6909.000000000;4;9459273610;B
20240124;100912;6909.500000000;1;9459273611;B
20240124;100912;6909.500000000;5;9459273612;B
20240124;100912;6909.500000000;1;9459273613;B
20240124;100912;6909.500000000;31;9459273614;B
20240124;100912;6905.000000000;20;9459273625;S
20240124;100913;6904.500000000;1;9459273861;S
20240124;100917;6908.500000000;2;9459274372;B
20240124;100918;6904.000000000;3;9459274482;S
20240124;100921;6908.500000000;7;9459274919;B
20240124;100921;6905.000000000;1;9459274957;S
20240124;100926;6904.500000000;11;9459275770;B
20240124;100926;6905.000000000;14;9459275771;B
20240124;100929;6905.000000000;30;9459276222;B
20240124;100929;6905.000000000;10;9459276296;B
20240124;100934;6904.500000000;1;9459277349;B
20240124;100934;6905.000000000;5;9459277350;B
20240124;100935;6904.000000000;1;9459277501;S
20240124;100944;6904.500000000;2;9459278712;B
20240124;100945;6903.500000000;1;9459278837;S
20240124;100945;6903.000000000;1;9459278838;S
20240124;100947;6904.000000000;3;9459279160;B
20240124;100947;6904.000000000;3;9459279161;B
20240124;100947;6904.000000000;1;9459279162;B
20240124;100947;6904.500000000;3;9459279163;B
20240124;100947;6904.500000000;10;9459279164;B
20240124;100949;6905.000000000;12;9459279469;B
20240124;100949;6903.000000000;12;9459279483;S
20240124;100949;6903.000000000;3;9459279484;S
20240124;100949;6903.000000000;35;9459279485;S
20240124;100950;6904.500000000;1;9459279634;B
20240124;100956;6904.000000000;3;9459280374;B
20240124;100956;6902.500000000;3;9459280467;S
20240124;100957;6904.000000000;1;9459280558;B
20240124;100958;6902.500000000;3;9459280709;S
20240124;101001;6903.000000000;3;9459281145;B
20240124;101005;6904.000000000;1;9459281795;B
20240124;101005;6904.500000000;1;9459281796;B
20240124;101006;6904.000000000;1;9459281976;S
20240124;101007;6904.500000000;12;9459282156;B
20240124;101010;6905.000000000;7;9459282543;B
20240124;101016;6905.000000000;4;9459283444;B
20240124;101020;6904.500000000;2;9459283924;S
20240124;101020;6905.000000000;1;9459283989;B
20240124;101022;6904.500000000;1;9459284189;S
20240124;101023;6904.500000000;5;9459284429;S
20240124;101025;6904.000000000;1;9459284672;B
20240124;101025;6902.500000000;21;9459284676;S
20240124;101025;6902.500000000;3;9459284677;S
20240124;101025;6902.000000000;1;9459284678;S
20240124;101025;6902.000000000;11;9459284679;S
20240124;101025;6902.000000000;6;9459284680;S
20240124;101025;6901.500000000;8;9459284681;S
20240124;101029;6904.000000000;2;9459285170;B
20240124;101034;6901.000000000;1;9459285966;S
20240124;101038;6904.000000000;20;9459286580;B
20240124;101038;6904.000000000;9;9459286581;B
20240124;101038;6904.500000000;5;9459286612;B
20240124;101038;6904.500000000;3;9459286613;B
20240124;101038;6904.500000000;4;9459286614;B
20240124;101047;6905.000000000;12;9459287976;B
20240124;101048;6903.500000000;4;9459288149;S
20240124;101058;6903.500000000;2;9459289479;S
20240124;101058;6903.500000000;9;9459289480;S
20240124;101059;6904.000000000;1;9459289656;B
20240124;101059;6904.000000000;6;9459289657;B
20240124;101116;6902.500000000;3;9459292236;S
20240124;101118;6902.500000000;1;9459292521;S
20240124;101124;6902.500000000;12;9459293660;S
20240124;101124;6902.500000000;2;9459293661;S
20240124;101124;6902.500000000;20;9459293662;S
20240124;101124;6902.000000000;2;9459293663;S
20240124;101124;6901.500000000;10;9459293675;S
20240124;101124;6901.500000000;10;9459293676;S
20240124;101130;6901.500000000;3;9459294299;S
20240124;101134;6901.500000000;20;9459294748;B
20240124;101139;6901.000000000;1;9459295390;S
20240124;101140;6901.000000000;11;9459295495;S
20240124;101140;6901.000000000;2;9459295496;S
20240124;101143;6900.000000000;25;9459295951;S
20240124;101143;6900.000000000;2;9459295967;S
20240124;101144;6900.000000000;2;9459296049;S
20240124;101145;6900.000000000;10;9459296138;S
20240124;101148;6900.000000000;1;9459296467;S
20240124;101148;6900.000000000;1;9459296550;S
20240124;101148;6900.500000000;7;9459296551;B
20240124;101149;6900.000000000;1;9459296577;S
20240124;101154;6900.000000000;1;9459297230;S
20240124;101158;6900.000000000;7;9459297671;S
20240124;101203;6900.000000000;10;9459298191;S
20240124;101203;6900.500000000;2;9459298249;B
20240124;101204;6900.000000000;1;9459298390;S
20240124;101211;6900.000000000;1;9459299501;S
20240124;101213;6900.000000000;1;9459299832;S
20240124;101214;6900.000000000;1;9459299947;S
20240124;101215;6900.000000000;1;9459300022;S
20240124;101215;6900.000000000;1;9459300080;S
20240124;101218;6900.000000000;2;9459300554;S
20240124;101225;6900.000000000;1;9459301339;S
20240124;101226;6900.000000000;1;9459301645;S
20240124;101227;6900.000000000;20;9459301772;S
20240124;101227;6900.000000000;1;9459301773;S
20240124;101227;6900.000000000;1;9459301774;S
20240124;101227;6899.500000000;1;9459301775;S
20240124;101227;6899.000000000;5;9459301776;S
20240124;101227;6899.000000000;2;9459301777;S
20240124;101227;6898.000000000;2;9459301778;S
20240124;101227;6898.000000000;11;9459301779;S
20240124;101233;6899.500000000;1;9459302389;B
20240124;101234;6899.500000000;5;9459302575;B
20240124;101238;6899.500000000;1;9459302939;B
20240124;101238;6900.000000000;2;9459302940;B
20240124;101238;6900.000000000;1;9459302941;B
20240124;101238;6900.000000000;4;9459302942;B
20240124;101240;6899.000000000;5;9459303227;S
20240124;101248;6899.000000000;10;9459304336;S
20240124;101301;6897.500000000;1;9459306151;S
20240124;101302;6896.500000000;1;9459306288;S
20240124;101312;6898.000000000;10;9459308498;B
20240124;101317;6898.000000000;1;9459309115;S
20240124;101327;6898.500000000;2;9459310568;B
20240124;101327;6898.500000000;2;9459310569;B
20240124;101327;6898.500000000;1;9459310570;B
20240124;101327;6899.000000000;2;9459310571;B
20240124;101327;6899.000000000;2;9459310593;B
20240124;101332;6898.500000000;10;9459311235;S
20240124;101336;6899.000000000;1;9459311708;B
20240124;101344;6899.000000000;1;9459313023;B
20240124;101349;6899.000000000;9;9459313910;B
20240124;101349;6899.000000000;9;9459313911;B
20240124;101349;6899.500000000;2;9459313912;B
20240124;101349;6899.500000000;8;9459313913;B
20240124;101358;6899.000000000;1;9459315335;S
20240124;101358;6899.500000000;1;9459315336;B
20240124;101400;6899.000000000;1;9459315496;S
20240124;101404;6899.500000000;1;9459316161;B
20240124;101411;6899.000000000;14;9459316982;S
20240124;101411;6898.500000000;2;9459316983;S
20240124;101411;6898.500000000;1;9459316984;S
20240124;101411;6898.500000000;22;9459316985;S
20240124;101411;6898.000000000;1;9459316986;S
20240124;101411;6898.000000000;10;9459316987;S
20240124;101412;6899.500000000;2;9459317042;B
20240124;101412;6899.500000000;10;9459317043;B
20240124;101412;6899.500000000;1;9459317044;B
20240124;101412;6900.000000000;46;9459317045;B
20240124;101412;6900.000000000;1;9459317046;B
20240124;101412;6900.000000000;1;9459317047;B
20240124;101412;6900.000000000;10;9459317048;B
20240124;101412;6900.500000000;1;9459317049;B
20240124;101412;6900.500000000;10;9459317050;B
20240124;101412;6901.000000000;3;9459317051;B
20240124;101412;6902.000000000;1;9459317052;B
20240124;101413;6899.000000000;22;9459317204;S
20240124;101413;6898.500000000;2;9459317205;S
20240124;101413;6898.500000000;80;9459317206;S
20240124;101413;6898.000000000;25;9459317207;S
20240124;101413;6898.000000000;20;9459317208;S
20240124;101413;6898.000000000;4;9459317209;S
20240124;101413;6897.500000000;11;9459317210;S
20240124;101413;6897.500000000;9;9459317211;S
20240124;101413;6897.000000000;20;9459317212;S
20240124;101413;6897.000000000;8;9459317213;B
20240124;101413;6897.000000000;10;9459317214;B
20240124;101416;6897.000000000;7;9459317641;B
20240124;101416;6897.000000000;262;9459317642;B
20240124;101423;6901.500000000;2;9459318529;B
20240124;101423;6901.500000000;3;9459318530;B
20240124;101440;6901.000000000;2;9459320709;B
20240124;101440;6901.000000000;2;9459320710;B
20240124;101442;6899.500000000;3;9459321221;S
20240124;101442;6898.000000000;2;9459321222;S
20240124;101449;6900.000000000;22;9459322215;B
20240124;101449;6900.000000000;10;9459322216;B
20240124;101453;6897.000000000;2;9459322650;S
20240124;101458;6896.500000000;1;9459323349;S
20240124;101505;6898.000000000;7;9459324844;B
20240124;101512;6897.000000000;4;9459326506;B
20240124;101516;6896.500000000;2;9459327549;S
20240124;101516;6896.500000000;2;9459327550;S
20240124;101516;6896.500000000;1;9459327551;S
20240124;101516;6896.000000000;6;9459327552;S
20240124;101518;6896.500000000;3;9459327905;S
20240124;101524;6897.000000000;5;9459329363;B
20240124;101525;6897.000000000;1;9459329522;B
20240124;101528;6897.000000000;10;9459330022;B
20240124;101528;6897.000000000;1;9459330023;B
20240124;101537;6897.000000000;3;9459332030;S
20240124;101551;6898.000000000;8;9459334013;B
20240124;101551;6898.000000000;10;9459334014;B
20240124;101551;6898.000000000;2;9459334015;B
20240124;101552;6897.500000000;2;9459334190;S
20240124;101555;6898.500000000;2;9459334564;B
20240124;101555;6898.500000000;6;9459334565;B
20240124;101601;6898.500000000;1;9459336133;B
20240124;101609;6898.000000000;4;9459337681;B
20240124;101609;6898.000000000;2;9459337682;B
20240124;101609;6897.500000000;2;9459337694;S
20240124;101609;6897.000000000;2;9459337695;S
20240124;101610;6898.000000000;8;9459338038;B
20240124;101612;6897.500000000;1;9459338337;S
20240124;101613;6897.500000000;1;9459338577;S
20240124;101617;6898.000000000;1;9459339264;B
20240124;101619;6899.000000000;1;9459339680;B
20240124;101621;6899.000000000;1;9459340149;B
20240124;101631;6898.500000000;6;9459342064;B
20240124;101637;6898.000000000;1;9459343051;S
20240124;101639;6898.000000000;1;9459343332;S
20240124;101639;6897.500000000;2;9459343333;S
20240124;101639;6897.500000000;1;9459343334;S
20240124;101641;6898.500000000;1;9459343497;B
20240124;101644;6898.500000000;7;9459343951;B
20240124;101651;6898.500000000;1;9459344932;B
20240124;101700;6898.500000000;25;9459346075;B
20240124;101700;6899.000000000;43;9459346076;B
20240124;101700;6899.000000000;1;9459346123;B
20240124;101700;6899.000000000;6;9459346129;B
20240124;101700;6899.500000000;5;9459346130;B
20240124;101700;6899.500000000;2;9459346131;B
20240124;101700;6900.000000000;5;9459346132;B
20240124;101700;6901.500000000;28;9459346133;B
20240124;101703;6901.500000000;4;9459346547;B
20240124;101706;6901.500000000;1;9459346840;B
20240124;101707;6900.000000000;22;9459346967;S
20240124;101707;6900.000000000;10;9459346968;S
20240124;101708;6900.000000000;1;9459347170;B
20240124;101708;6899.500000000;1;9459347174;S
20240124;101709;6900.000000000;28;9459347239;B
20240124;101710;6900.000000000;14;9459347391;B
20240124;101712;6900.000000000;2;9459347668;B
20240124;101716;6899.000000000;2;9459348227;S
20240124;101716;6898.500000000;2;9459348228;S
20240124;101720;6898.500000000;1;9459348609;B
20240124;101723;6897.000000000;1;9459349034;S
20240124;101723;6897.000000000;3;9459349035;S
20240124;101723;6897.000000000;1;9459349036;S
20240124;101723;6897.000000000;5;9459349037;S
20240124;101728;6898.500000000;5;9459349577;B
20240124;101728;6899.000000000;2;9459349578;B
20240124;101728;6899.000000000;80;9459349579;B
20240124;101728;6900.000000000;13;9459349580;B
20240124;101732;6897.500000000;3;9459350120;S
20240124;101733;6900.000000000;7;9459350303;B
20240124;101743;6900.000000000;5;9459352028;B
20240124;101743;6900.000000000;6;9459352048;B
20240124;101744;6900.000000000;50;9459352147;B
20240124;101751;6899.500000000;2;9459352992;B
20240124;101754;6900.000000000;8;9459353458;B
20240124;101756;6900.000000000;1;9459353727;B
20240124;101757;6899.000000000;2;9459353756;S
20240124;101757;6899.000000000;2;9459353757;S
20240124;101757;6899.000000000;10;9459353758;S
20240124;101757;6899.000000000;32;9459353759;B
20240124;101758;6898.500000000;2;9459353873;S
20240124;101802;6899.000000000;1;9459354338;S
20240124;101805;6900.000000000;1;9459354662;B
20240124;101806;6900.000000000;17;9459354805;B
20240124;101806;6900.000000000;1;9459354806;B
20240124;101806;6900.000000000;100;9459354807;B
20240124;101806;6902.000000000;9;9459355072;B
20240124;101806;6902.000000000;19;9459355073;B
20240124;101806;6902.000000000;50;9459355074;B
20240124;101806;6902.000000000;27;9459355075;B
20240124;101806;6902.000000000;50;9459355076;B
20240124;101807;6903.000000000;77;9459355266;B
20240124;101809;6903.000000000;5;9459355653;B
20240124;101810;6903.000000000;65;9459355922;B
20240124;101811;6903.500000000;1;9459356059;B
20240124;101811;6903.500000000;4;9459356088;B
20240124;101811;6904.000000000;1;9459356138;B
20240124;101812;6903.500000000;1;9459356293;S
20240124;101815;6904.000000000;9;9459356956;B
20240124;101815;6904.000000000;6;9459356957;B
20240124;101816;6904.000000000;44;9459357101;B
20240124;101816;6904.000000000;10;9459357102;B
20240124;101816;6904.000000000;1;9459357103;B
20240124;101816;6904.000000000;2;9459357104;B
20240124;101816;6904.500000000;1;9459357124;B
20240124;101819;6904.500000000;1;9459357671;B
20240124;101820;6904.000000000;1;9459357728;S
20240124;101820;6904.500000000;24;9459357763;B
20240124;101820;6904.000000000;21;9459357815;S
20240124;101821;6903.500000000;2;9459357840;B
20240124;101821;6903.000000000;2;9459357932;S
20240124;101822;6903.500000000;1;9459357990;B
20240124;101822;6903.500000000;4;9459357991;B
20240124;101822;6903.500000000;9;9459358014;B
20240124;101823;6903.500000000;7;9459358067;B
20240124;101823;6903.000000000;3;9459358128;S
20240124;101824;6903.500000000;20;9459358218;B
20240124;101824;6903.500000000;2;9459358227;B
20240124;101826;6903.500000000;33;9459358426;B
20240124;101826;6903.500000000;1;9459358449;B
20240124;101826;6904.000000000;4;9459358462;B
20240124;101826;6904.000000000;1;9459358463;B
20240124;101826;6904.500000000;28;9459358470;B
20240124;101828;6904.500000000;1;9459358712;B
20240124;101830;6904.000000000;1;9459358886;S
20240124;101831;6904.500000000;2;9459359030;B
20240124;101832;6904.500000000;1;9459359087;B
20240124;101832;6904.500000000;4;9459359091;B
20240124;101832;6904.500000000;20;9459359125;B
20240124;101832;6904.500000000;2;9459359182;B
20240124;101834;6904.000000000;1;9459359440;S
20240124;101835;6904.500000000;1;9459359544;B
20240124;101835;6904.500000000;1;9459359549;B
20240124;101836;6904.500000000;1;9459359628;B
20240124;101838;6904.500000000;1;9459359840;B
20240124;101839;6904.500000000;62;9459359963;B
20240124;101839;6904.500000000;4;9459359964;B
20240124;101839;6904.500000000;8;9459359965;B
20240124;101840;6904.500000000;1;9459360056;B
20240124;101840;6904.500000000;10;9459360057;B
20240124;101840;6904.500000000;89;9459360058;B
20240124;101840;6904.500000000;3;9459360109;B
20240124;101840;6904.500000000;8;9459360112;B
20240124;101840;6904.500000000;1;9459360113;B
20240124;101840;6905.000000000;1;9459360114;B
20240124;101840;6905.000000000;1;9459360124;B
20240124;101843;6905.000000000;1;9459360332;B
20240124;101844;6905.000000000;1;9459360526;B
20240124;101845;6904.500000000;4;9459360548;S
20240124;101845;6904.500000000;3;9459360549;S
20240124;101845;6905.000000000;4;9459360616;B
20240124;101846;6905.000000000;5;9459360623;B
20240124;101846;6905.000000000;1;9459360624;B
20240124;101846;6905.000000000;9;9459360625;B
20240124;101846;6904.500000000;1;9459360635;S
20240124;101847;6905.000000000;91;9459360761;B
20240124;101847;6905.000000000;3;9459360762;B
20240124;101847;6905.000000000;1;9459360763;B
20240124;101847;6905.000000000;155;9459360764;B
20240124;101847;6905.000000000;44;9459360765;B
20240124;101847;6905.000000000;101;9459360766;B
20240124;101847;6905.000000000;6;9459360767;B
20240124;101847;6905.500000000;28;9459360768;B
20240124;101847;6905.500000000;100;9459360769;B
20240124;101847;6906.000000000;82;9459360770;B
20240124;101847;6906.000000000;18;9459360771;B
20240124;101847;6906.000000000;6;9459360772;B
20240124;101847;6906.500000000;21;9459360773;B
20240124;101847;6906.500000000;6;9459360774;B
20240124;101848;6905.500000000;1;9459360822;S
20240124;101848;6906.500000000;1;9459360867;B
20240124;101849;6906.500000000;1;9459360981;B
20240124;101850;6906.500000000;1;9459361074;B
20240124;101851;6906.500000000;70;9459361174;B
20240124;101851;6906.500000000;10;9459361175;B
20240124;101851;6906.500000000;6;9459361176;B
20240124;101851;6906.500000000;1;9459361180;B
20240124;101852;6906.500000000;1;9459361239;B
20240124;101852;6906.500000000;2;9459361274;B
20240124;101852;6906.500000000;2;9459361275;B
20240124;101852;6906.500000000;2;9459361277;B
20240124;101852;6906.500000000;2;9459361278;B
20240124;101853;6906.000000000;1;9459361331;S
20240124;101853;6906.000000000;4;9459361332;S
20240124;101853;6905.500000000;10;9459361333;S
20240124;101853;6905.500000000;28;9459361334;S
20240124;101855;6905.000000000;29;9459361515;B
20240124;101855;6905.000000000;1;9459361563;B
20240124;101857;6905.000000000;2;9459361676;B
20240124;101857;6905.000000000;2;9459361758;B
20240124;101903;6905.000000000;1;9459362469;B
20240124;101904;6905.000000000;2;9459362559;B
20240124;101904;6905.000000000;1;9459362560;B
20240124;101905;6904.500000000;5;9459362804;S
20240124;101905;6905.000000000;10;9459362824;B
20240124;101905;6905.000000000;1;9459362940;B
20240124;101907;6905.000000000;1;9459363118;B
20240124;101910;6905.000000000;1;9459363361;B
20240124;101912;6905.000000000;6;9459363573;B
20240124;101912;6905.000000000;2;9459363574;B
20240124;101913;6905.000000000;1;9459363631;B
20240124;101915;6905.000000000;7;9459363843;B
20240124;101915;6905.000000000;55;9459363844;B
20240124;101916;6905.000000000;1;9459363993;B
20240124;101916;6905.000000000;2;9459364024;B
20240124;101916;6905.000000000;1;9459364052;B
20240124;101920;6905.000000000;9;9459364414;B
20240124;101921;6905.000000000;1;9459364546;B
20240124;101926;6905.000000000;1;9459364985;B
20240124;101929;6905.000000000;3;9459365229;B
20240124;101929;6905.000000000;5;9459365262;B
20240124;101929;6905.000000000;1;9459365274;B
20240124;101929;6905.000000000;1;9459365290;B
20240124;101931;6905.000000000;6;9459365415;B
20240124;101933;6905.000000000;1;9459365716;B
20240124;101934;6904.500000000;1;9459365844;S
20240124;101936;6905.000000000;13;9459366120;B
20240124;101936;6905.000000000;2;9459366121;B
20240124;101937;6905.000000000;1;9459366185;B
20240124;101938;6905.000000000;4;9459366285;B
20240124;101940;6905.000000000;3;9459366490;B
20240124;101940;6905.000000000;12;9459366491;B
20240124;101940;6905.000000000;88;9459366584;B
20240124;101940;6905.500000000;8;9459366604;B
20240124;101940;6905.500000000;10;9459366605;B
20240124;101940;6906.000000000;2;9459366606;B
20240124;101940;6906.000000000;10;9459366607;B
20240124;101941;6906.500000000;1;9459366654;B
20240124;101941;6906.500000000;9;9459366683;B
20240124;101941;6907.000000000;19;9459366684;B
20240124;101942;6906.000000000;9;9459366820;S
20240124;101942;6906.000000000;2;9459366821;S
20240124;101942;6905.500000000;22;9459366822;S
20240124;101942;6905.500000000;57;9459366823;S
20240124;101942;6905.000000000;10;9459366824;S
20240124;101944;6906.500000000;1;9459367021;B
20240124;101950;6906.500000000;9;9459367726;B
20240124;101954;6905.500000000;22;9459368132;S
20240124;101954;6905.500000000;9;9459368133;S
20240124;101954;6905.000000000;69;9459368134;S
20240124;101957;6906.500000000;7;9459368446;B
20240124;101957;6906.500000000;80;9459368447;B
20240124;101959;6906.500000000;2;9459368822;S
20240124;102000;6907.000000000;1;9459368858;B
20240124;102001;6907.000000000;7;9459369025;B
20240124;102001;6906.500000000;2;9459369079;S
20240124;102005;6906.500000000;7;9459369560;S
20240124;102007;6907.000000000;3;9459369792;B
20240124;102009;6906.500000000;4;9459370179;S
20240124;102011;6907.000000000;3;9459370346;B
20240124;102014;6907.000000000;3;9459370816;B
20240124;102014;6907.000000000;3;9459370817;B
20240124;102014;6907.000000000;61;9459370860;B
20240124;102014;6907.000000000;10;9459370861;B
20240124;102014;6907.000000000;4;9459370862;B
20240124;102015;6907.000000000;2;9459370975;B
20240124;102015;6907.000000000;1;9459370995;B
20240124;102017;6906.500000000;4;9459371197;S
20240124;102020;6907.000000000;8;9459371735;B
20240124;102021;6907.000000000;2;9459371751;B
20240124;102024;6907.000000000;7;9459372300;B
20240124;102025;6906.500000000;2;9459372458;S
20240124;102028;6907.000000000;1;9459372746;B
20240124;102028;6907.000000000;1;9459372835;B
20240124;102029;6907.000000000;4;9459372857;B
20240124;102030;6907.000000000;8;9459373069;B
20240124;102031;6907.000000000;1;9459373173;B
20240124;102031;6907.000000000;2;9459373272;B
20240124;102032;6907.000000000;10;9459373329;B
20240124;102033;6907.000000000;39;9459373396;B
20240124;102035;6907.000000000;1;9459373608;B
20240124;102038;6906.500000000;5;9459374165;S
20240124;102043;6907.000000000;1;9459374657;B
20240124;102043;6907.000000000;3;9459374737;B
20240124;102045;6907.000000000;2;9459374980;B
20240124;102046;6907.000000000;3;9459374987;B
20240124;102046;6907.000000000;15;9459374988;B
20240124;102046;6907.000000000;32;9459374989;B
20240124;102047;6907.000000000;2;9459375110;B
20240124;102050;6906.500000000;87;9459375467;S
20240124;102050;6906.500000000;10;9459375468;S
20240124;102050;6906.500000000;1;9459375469;S
20240124;102050;6906.500000000;1;9459375470;S
20240124;102050;6906.000000000;10;9459375471;S
20240124;102050;6905.000000000;4;9459375472;S
20240124;102050;6905.000000000;10;9459375473;S
20240124;102050;6905.000000000;2;9459375474;S
20240124;102050;6905.000000000;1;9459375475;S
20240124;102050;6905.000000000;80;9459375476;S
20240124;102050;6905.000000000;1;9459375477;S
20240124;102050;6905.000000000;1;9459375478;S
20240124;102050;6904.500000000;39;9459375479;S
20240124;102050;6904.500000000;1;9459375480;S
20240124;102050;6904.500000000;1;9459375481;S
20240124;102050;6904.500000000;2;9459375482;S
20240124;102050;6904.500000000;77;9459375483;S
20240124;102050;6904.500000000;1;9459375484;S
20240124;102050;6904.500000000;1;9459375485;S
20240124;102050;6904.000000000;15;9459375486;S
20240124;102050;6904.000000000;2;9459375487;S
20240124;102050;6904.000000000;5;9459375488;S
20240124;102050;6904.000000000;4;9459375489;S
20240124;102050;6904.000000000;3;9459375490;S
20240124;102050;6904.000000000;50;9459375491;S
20240124;102050;6903.500000000;1;9459375492;S
20240124;102050;6903.500000000;2;9459375493;S
20240124;102050;6903.500000000;2;9459375494;S
20240124;102050;6903.500000000;20;9459375495;S
20240124;102050;6903.000000000;5;9459375496;S
20240124;102050;6903.000000000;20;9459375497;S
20240124;102050;6902.000000000;20;9459375498;S
20240124;102050;6901.500000000;40;9459375499;S
20240124;102050;6901.000000000;10;9459375500;S
20240124;102050;6901.000000000;20;9459375501;S
20240124;102050;6900.000000000;10;9459375502;S
20240124;102050;6900.000000000;1;9459375503;S
20240124;102050;6900.000000000;2;9459375504;S
20240124;102050;6900.000000000;1;9459375505;S
20240124;102050;6900.000000000;3;9459375506;S
20240124;102050;6900.000000000;2;9459375507;S
20240124;102050;6900.000000000;10;9459375508;S
20240124;102050;6900.000000000;22;9459375509;S
20240124;102050;6899.500000000;10;9459375510;S
20240124;102050;6899.500000000;110;9459375511;S
20240124;102050;6899.500000000;20;9459375512;S
20240124;102050;6899.000000000;5;9459375513;S
20240124;102050;6899.000000000;10;9459375514;S
20240124;102050;6899.000000000;1;9459375515;S
20240124;102050;6898.000000000;2;9459375516;S
20240124;102050;6898.000000000;1;9459375517;S
20240124;102050;6898.000000000;4;9459375518;S
20240124;102050;6898.000000000;40;9459375519;S
20240124;102050;6898.000000000;2;9459375520;S
20240124;102050;6898.000000000;3;9459375521;S
20240124;102050;6898.000000000;20;9459375522;S
20240124;102050;6898.000000000;28;9459375523;S
20240124;102050;6897.500000000;20;9459375524;S
20240124;102050;6897.000000000;14;9459375525;S
20240124;102050;6897.000000000;5;9459375526;S
20240124;102050;6897.000000000;2;9459375527;S
20240124;102050;6896.500000000;20;9459375528;S
20240124;102050;6896.500000000;11;9459375529;S
20240124;102050;6896.000000000;24;9459375530;S
20240124;102050;6896.000000000;1;9459375531;S
20240124;102050;6896.000000000;2;9459375532;S
20240124;102050;6896.000000000;25;9459375533;S
20240124;102050;6896.000000000;3;9459375534;S
20240124;102050;6896.000000000;1;9459375535;S
20240124;102050;6895.500000000;15;9459375536;S
20240124;102050;6895.500000000;1;9459375537;S
20240124;102050;6895.500000000;1;9459375538;S
20240124;102050;6895.500000000;10;9459375539;S
20240124;102050;6895.500000000;28;9459375540;S
20240124;102050;6895.000000000;80;9459375541;S
20240124;102050;6895.000000000;290;9459375542;S
20240124;102050;6895.000000000;50;9459375543;S
20240124;102050;6895.000000000;1;9459375544;S
20240124;102050;6895.000000000;5;9459375545;S
20240124;102050;6895.000000000;50;9459375546;S
20240124;102050;6895.000000000;5;9459375547;S
20240124;102050;6895.000000000;2;9459375548;S
20240124;102050;6895.000000000;20;9459375549;S
20240124;102050;6895.000000000;1;9459375550;S
20240124;102050;6895.000000000;1;9459375551;S
20240124;102050;6895.000000000;1;9459375552;S
20240124;102050;6895.000000000;2;9459375553;S
20240124;102050;6895.000000000;2;9459375554;S
20240124;102050;6895.000000000;1;9459375555;S
20240124;102050;6894.500000000;10;9459375556;S
20240124;102050;6893.000000000;40;9459375557;S
20240124;102050;6893.000000000;10;9459375558;S
20240124;102050;6893.000000000;11;9459375559;S
20240124;102050;6891.500000000;11;9459375560;S
20240124;102050;6891.000000000;1;9459375561;S
20240124;102050;6891.000000000;1;9459375562;S
20240124;102050;6890.500000000;2;9459375563;S
20240124;102050;6890.000000000;1;9459375564;S
20240124;102050;6890.000000000;2;9459375565;S
20240124;102050;6890.000000000;50;9459375566;S
20240124;102050;6890.000000000;1;9459375567;S
20240124;102050;6890.000000000;5;9459375568;S
20240124;102050;6890.000000000;3;9459375569;S
20240124;102050;6889.000000000;6;9459375570;S
20240124;102050;6889.000000000;62;9459375571;S
20240124;102050;6888.500000000;6;9459375572;S
20240124;102050;6888.500000000;179;9459375573;S
20240124;102050;6898.500000000;11;9459375578;S
20240124;102050;6902.500000000;7;9459375663;B
20240124;102051;6902.500000000;2;9459375678;B
20240124;102051;6901.000000000;1;9459375729;S
20240124;102051;6899.000000000;7;9459375730;S
20240124;102051;6899.000000000;22;9459375731;S
20240124;102051;6899.000000000;40;9459375732;S
20240124;102057;6901.000000000;11;9459376581;B
20240124;102057;6901.000000000;4;9459376582;B
20240124;102108;6903.000000000;14;9459377897;B
20240124;102108;6903.000000000;11;9459377898;B
20240124;102112;6903.500000000;3;9459378578;B
20240124;102116;6903.500000000;5;9459379297;B
20240124;102116;6903.500000000;5;9459379428;B
20240124;102120;6903.500000000;7;9459379856;B
20240124;102120;6903.500000000;10;9459379857;B
20240124;102120;6903.500000000;11;9459379858;B
20240124;102120;6904.000000000;72;9459379859;B
20240124;102121;6903.500000000;20;9459379897;B
20240124;102121;6903.500000000;10;9459379898;B
20240124;102121;6903.500000000;20;9459379899;S
20240124;102123;6904.000000000;2;9459380241;B
20240124;102131;6902.500000000;5;9459381140;S
20240124;102137;6904.000000000;1;9459381991;B
20240124;102140;6904.000000000;7;9459382335;B
20240124;102156;6904.000000000;2;9459384437;B
20240124;102156;6904.000000000;20;9459384438;B
20240124;102156;6904.000000000;10;9459384439;B
20240124;102156;6904.000000000;6;9459384440;B
20240124;102156;6904.000000000;2;9459384441;B
20240124;102156;6905.000000000;50;9459384442;B
20240124;102156;6904.000000000;1;9459384505;S
20240124;102209;6904.000000000;1;9459386311;B
20240124;102209;6904.000000000;10;9459386312;B
20240124;102209;6904.000000000;6;9459386313;B
20240124;102209;6904.000000000;11;9459386314;B
20240124;102210;6905.000000000;2;9459386572;B
20240124;102213;6904.500000000;3;9459386979;S
20240124;102213;6905.000000000;1;9459386980;B
20240124;102218;6904.000000000;14;9459387653;S
20240124;102219;6905.000000000;5;9459387709;B
20240124;102221;6905.000000000;1;9459388000;B
20240124;102223;6904.000000000;1;9459388276;S
20240124;102224;6904.000000000;37;9459388438;S
20240124;102225;6904.500000000;1;9459388594;B
20240124;102229;6904.500000000;6;9459389040;B
20240124;102229;6904.500000000;2;9459389041;B
20240124;102232;6904.000000000;12;9459389303;S
20240124;102232;6904.000000000;1;9459389396;S
20240124;102233;6904.000000000;1;9459389458;S
20240124;102236;6904.500000000;8;9459389694;B
20240124;102236;6904.500000000;4;9459389695;B
20240124;102236;6904.500000000;1;9459389752;B
20240124;102239;6904.000000000;1;9459390067;S
20240124;102241;6904.000000000;1;9459390296;S
20240124;102242;6904.000000000;54;9459390411;S
20240124;102242;6904.000000000;28;9459390412;S
20240124;102242;6904.000000000;3;9459390413;S
20240124;102242;6903.500000000;1;9459390414;S
20240124;102242;6903.500000000;5;9459390415;S
20240124;102242;6903.000000000;1;9459390416;S
20240124;102242;6903.000000000;3;9459390417;S
20240124;102242;6903.000000000;1;9459390418;S
20240124;102250;6903.000000000;1;9459391604;B
20240124;102251;6903.000000000;6;9459391622;B
20240124;102251;6903.000000000;10;9459391623;B
20240124;102251;6903.500000000;4;9459391624;B
20240124;102254;6903.000000000;1;9459392046;B
20240124;102257;6902.000000000;50;9459392605;S
20240124;102257;6902.000000000;50;9459392606;S
20240124;102257;6902.000000000;2;9459392607;S
20240124;102258;6902.000000000;2;9459392688;S
20240124;102258;6900.500000000;4;9459392689;S
20240124;102258;6900.500000000;59;9459392690;S
20240124;102258;6901.000000000;2;9459392742;B
20240124;102259;6900.000000000;50;9459392817;S
20240124;102259;6900.000000000;1;9459392818;S
20240124;102259;6900.000000000;1;9459392819;S
20240124;102259;6900.000000000;2;9459392820;S
20240124;102259;6900.000000000;12;9459392821;S
20240124;102259;6900.000000000;2;9459392973;S
20240124;102300;6899.000000000;1;9459393062;S
20240124;102300;6899.000000000;1;9459393063;S
20240124;102300;6899.000000000;1;9459393064;S
20240124;102300;6899.000000000;2;9459393065;S
20240124;102300;6897.500000000;4;9459393066;S
20240124;102300;6896.500000000;5;9459393067;S
20240124;102300;6896.500000000;5;9459393068;S
20240124;102310;6896.500000000;1;9459394476;B
20240124;102311;6896.500000000;1;9459394549;B
20240124;102317;6895.500000000;11;9459395913;S
20240124;102318;6896.000000000;6;9459396153;B
20240124;102318;6896.500000000;1;9459396154;B
20240124;102320;6896.500000000;1;9459396403;B
20240124;102326;6896.500000000;1;9459397158;B
20240124;102327;6896.500000000;19;9459397242;B
20240124;102327;6897.000000000;5;9459397243;B
20240124;102327;6897.500000000;20;9459397244;B
20240124;102327;6900.500000000;56;9459397245;B
20240124;102329;6898.000000000;2;9459397442;B
20240124;102331;6896.500000000;1;9459397751;S
20240124;102333;6895.000000000;25;9459398110;S
20240124;102333;6895.000000000;5;9459398111;S
20240124;102333;6894.000000000;1;9459398142;S
20240124;102345;6892.000000000;20;9459401224;S
20240124;102345;6891.500000000;20;9459401225;S
20240124;102345;6891.500000000;10;9459401226;S
20240124;102346;6894.000000000;4;9459401304;B
20240124;102400;6891.000000000;20;9459403531;S
20240124;102400;6891.000000000;9;9459403532;S
20240124;102400;6891.000000000;2;9459403533;S
20240124;102403;6891.500000000;1;9459403964;B
20240124;102405;6890.500000000;20;9459404519;S
20240124;102405;6890.500000000;50;9459404520;S
20240124;102405;6890.500000000;20;9459404521;S
20240124;102407;6890.000000000;36;9459404764;S
20240124;102407;6890.000000000;1;9459404765;S
20240124;102407;6890.000000000;13;9459404766;S
20240124;102408;6891.000000000;5;9459404880;B
20240124;102408;6891.500000000;2;9459404881;B
20240124;102416;6890.000000000;20;9459406162;S
20240124;102417;6891.500000000;2;9459406177;B
20240124;102426;6890.000000000;7;9459407761;S
20240124;102431;6890.000000000;10;9459408501;S
20240124;102431;6890.000000000;1;9459408502;S
20240124;102431;6890.000000000;15;9459408503;S
20240124;102431;6890.000000000;1;9459408504;S
20240124;102431;6890.000000000;5;9459408505;S
20240124;102431;6890.000000000;4;9459408506;S
20240124;102431;6890.000000000;15;9459408507;S
20240124;102431;6889.000000000;5;9459408508;S
20240124;102431;6888.000000000;1;9459408509;S
20240124;102431;6888.000000000;1;9459408510;S
20240124;102431;6888.000000000;1;9459408511;S
20240124;102431;6888.000000000;6;9459408512;S
20240124;102431;6888.000000000;1;9459408513;S
20240124;102431;6888.000000000;2;9459408514;S
20240124;102431;6888.000000000;12;9459408515;S
20240124;102431;6888.000000000;3;9459408516;S
20240124;102431;6888.000000000;1;9459408517;S
20240124;102431;6888.000000000;11;9459408518;S
20240124;102431;6888.000000000;80;9459408519;S
20240124;102431;6887.500000000;6;9459408520;S
20240124;102431;6887.500000000;29;9459408521;S
20240124;102431;6887.500000000;20;9459408522;S
20240124;102431;6887.000000000;20;9459408523;S
20240124;102432;6890.000000000;1;9459408653;S
20240124;102438;6889.500000000;4;9459409455;B
20240124;102438;6890.000000000;1;9459409456;B
20240124;102438;6890.000000000;5;9459409457;S
20240124;102438;6890.000000000;5;9459409458;S
20240124;102438;6890.000000000;5;9459409459;S
20240124;102441;6888.500000000;10;9459409902;S
20240124;102441;6888.500000000;1;9459409903;S
20240124;102441;6888.500000000;4;9459409904;S
20240124;102441;6887.500000000;10;9459409905;S
20240124;102441;6887.500000000;2;9459409906;S
20240124;102441;6887.000000000;23;9459409907;S
20240124;102448;6889.000000000;3;9459410677;B
20240124;102450;6889.000000000;2;9459410934;B
20240124;102455;6889.500000000;1;9459411568;B
20240124;102456;6887.000000000;5;9459411673;S
20240124;102457;6889.500000000;5;9459411813;B
20240124;102457;6889.500000000;2;9459411814;B
20240124;102501;6889.000000000;5;9459412537;B
20240124;102501;6889.000000000;4;9459412538;B
20240124;102501;6889.500000000;1;9459412539;B
20240124;102505;6889.000000000;1;9459413153;B
20240124;102511;6887.000000000;2;9459414111;S
20240124;102511;6887.000000000;6;9459414112;S
20240124;102511;6887.000000000;1;9459414113;S
20240124;102511;6887.000000000;1;9459414114;S
20240124;102511;6886.500000000;2;9459414115;S
20240124;102511;6886.500000000;6;9459414116;S
20240124;102511;6886.000000000;6;9459414117;S
20240124;102511;6886.000000000;31;9459414118;S
20240124;102511;6886.000000000;1;9459414119;S
20240124;102511;6885.500000000;6;9459414120;S
20240124;102511;6885.500000000;1;9459414121;S
20240124;102511;6885.500000000;1;9459414122;S
20240124;102512;6886.000000000;10;9459414197;S
20240124;102515;6885.000000000;6;9459414671;S
20240124;102515;6885.000000000;2;9459414672;S
20240124;102515;6885.000000000;50;9459414673;S
20240124;102515;6885.000000000;50;9459414674;S
20240124;102517;6885.500000000;1;9459414892;B
20240124;102523;6886.000000000;1;9459415814;B
20240124;102527;6886.000000000;8;9459416828;B
20240124;102533;6885.500000000;1;9459417566;B
20240124;102538;6885.500000000;2;9459418039;B
20240124;102541;6885.500000000;2;9459418539;B
20240124;102541;6886.000000000;3;9459418540;B
20240124;102542;6886.000000000;19;9459418716;B
20240124;102542;6886.000000000;3;9459418717;B
20240124;102542;6886.500000000;11;9459418718;B
20240124;102542;6886.500000000;80;9459418719;B
20240124;102542;6886.500000000;5;9459418720;B
20240124;102542;6887.000000000;1;9459418721;B
20240124;102544;6887.000000000;1;9459418843;B
20240124;102545;6887.000000000;1;9459418929;B
20240124;102545;6886.500000000;132;9459419007;S
20240124;102545;6886.000000000;3;9459419008;S
20240124;102545;6886.000000000;10;9459419009;S
20240124;102545;6884.500000000;6;9459419010;S
20240124;102545;6884.500000000;10;9459419011;S
20240124;102545;6884.000000000;6;9459419012;S
20240124;102545;6884.000000000;10;9459419013;S
20240124;102545;6883.500000000;6;9459419014;S
20240124;102545;6883.500000000;10;9459419015;S
20240124;102545;6883.500000000;80;9459419016;S
20240124;102545;6883.000000000;6;9459419017;S
20240124;102545;6883.000000000;15;9459419018;S
20240124;102545;6883.000000000;1;9459419019;S
20240124;102545;6883.000000000;10;9459419020;S
20240124;102545;6883.000000000;14;9459419021;S
20240124;102545;6882.500000000;6;9459419022;S
20240124;102545;6882.500000000;10;9459419023;S
20240124;102545;6882.000000000;6;9459419024;S
20240124;102545;6882.000000000;1;9459419025;S
20240124;102545;6882.000000000;1;9459419026;S
20240124;102545;6881.500000000;6;9459419027;S
20240124;102545;6881.500000000;29;9459419028;S
20240124;102545;6881.500000000;60;9459419029;S
20240124;102545;6881.500000000;20;9459419030;S
20240124;102545;6881.000000000;6;9459419031;S
20240124;102545;6881.000000000;143;9459419032;S
20240124;102545;6881.000000000;5;9459419033;S
20240124;102545;6880.500000000;6;9459419034;S
20240124;102545;6880.500000000;82;9459419035;S
20240124;102546;6885.000000000;8;9459419173;B
20240124;102551;6885.000000000;1;9459419898;B
20240124;102603;6885.000000000;2;9459421245;B
20240124;102603;6882.000000000;2;9459421358;S
20240124;102605;6885.000000000;2;9459421639;B
20240124;102620;6885.000000000;1;9459423220;B
20240124;102624;6884.500000000;1;9459423777;B
20240124;102631;6885.000000000;2;9459424449;B
20240124;102631;6885.000000000;1;9459424450;B
20240124;102631;6885.500000000;3;9459424451;B
20240124;102631;6885.500000000;4;9459424452;B
20240124;102631;6884.500000000;1;9459424489;B
20240124;102631;6885.000000000;3;9459424490;B
20240124;102631;6885.000000000;11;9459424491;B
20240124;102635;6886.000000000;7;9459424981;B
20240124;102646;6886.500000000;3;9459426284;B
20240124;102646;6886.500000000;80;9459426285;B
20240124;102646;6887.000000000;17;9459426286;B
20240124;102654;6887.000000000;15;9459427166;B
20240124;102656;6887.000000000;5;9459427381;B
20240124;102656;6887.000000000;5;9459427420;B
20240124;102657;6887.000000000;1;9459427524;B
20240124;102659;6887.000000000;1;9459427773;B
20240124;102659;6887.000000000;54;9459427785;B
20240124;102659;6887.000000000;26;9459427793;B
20240124;102700;6887.000000000;863;9459427938;B
20240124;102700;6888.000000000;1;9459427939;B
20240124;102700;6890.500000000;1;9459428006;B
20240124;102701;6891.000000000;9;9459428118;B
20240124;102701;6891.000000000;4;9459428119;B
20240124;102702;6892.000000000;2;9459428294;S
20240124;102703;6892.000000000;8;9459428355;B
20240124;102703;6892.500000000;10;9459428462;B
20240124;102705;6893.000000000;1;9459428707;B
20240124;102708;6893.000000000;10;9459429166;B
20240124;102708;6893.500000000;3;9459429167;B
20240124;102712;6893.500000000;3;9459429618;S
20240124;102712;6893.500000000;9;9459429636;S
20240124;102715;6893.000000000;1;9459429880;B
20240124;102725;6892.500000000;3;9459430951;B
20240124;102725;6892.500000000;4;9459430952;B
20240124;102727;6893.000000000;3;9459431153;B
20240124;102727;6893.000000000;12;9459431154;B
20240124;102736;6892.500000000;5;9459432379;S
20240124;102736;6890.500000000;1;9459432380;S
20240124;102736;6890.500000000;4;9459432381;S
20240124;102736;6890.000000000;5;9459432382;S
20240124;102736;6890.000000000;30;9459432383;S
20240124;102738;6890.000000000;4;9459432578;S
20240124;102742;6892.000000000;1;9459433020;B
20240124;102749;6892.500000000;3;9459433809;B
20240124;102749;6892.500000000;7;9459433810;B
20240124;102749;6892.500000000;1;9459433846;B
20240124;102753;6892.500000000;2;9459434265;B
20240124;102757;6892.000000000;1;9459434714;S
20240124;102758;6892.000000000;7;9459434813;B
20240124;102813;6893.000000000;2;9459436188;B
20240124;102813;6893.000000000;8;9459436189;B
20240124;102814;6893.000000000;7;9459436283;B
20240124;102825;6893.500000000;1;9459437440;B
20240124;102825;6893.500000000;9;9459437441;B
20240124;102841;6893.000000000;1;9459439205;S
20240124;102841;6893.000000000;1;9459439206;S
20240124;102841;6893.000000000;2;9459439207;S
20240124;102852;6892.000000000;2;9459440654;S
20240124;102852;6892.500000000;1;9459440724;B
20240124;102859;6892.500000000;1;9459441879;B
20240124;102903;6892.500000000;8;9459442389;B
20240124;102906;6892.000000000;10;9459442758;S
20240124;102909;6892.000000000;6;9459443125;S
20240124;102912;6892.000000000;1;9459443386;S
20240124;102913;6892.500000000;2;9459443462;B
20240124;102913;6892.500000000;8;9459443463;B
20240124;102913;6892.000000000;1;9459443504;S
20240124;102916;6892.500000000;3;9459443809;B
20240124;102917;6892.000000000;1;9459443869;S
20240124;102917;6892.000000000;13;9459443870;S
20240124;102952;6891.500000000;3;9459449211;B
20240124;102952;6891.500000000;4;9459449212;B
20240124;102957;6890.000000000;1;9459449717;S
20240124;102957;6890.000000000;5;9459449718;S
20240124;102957;6890.000000000;9;9459449719;S
20240124;103005;6892.000000000;1;9459450995;B
20240124;103011;6892.000000000;2;9459452371;B
20240124;103013;6892.000000000;15;9459452882;B
20240124;103020;6892.000000000;9;9459454636;B
20240124;103020;6892.000000000;21;9459454637;B
20240124;103020;6892.000000000;2;9459454638;B
20240124;103021;6892.000000000;4;9459454894;S
20240124;103021;6892.000000000;6;9459454895;S
20240124;103022;6892.500000000;1;9459455118;B
20240124;103032;6892.500000000;7;9459456745;B
20240124;103032;6893.000000000;8;9459456746;B
20240124;103042;6893.500000000;3;9459458596;B
20240124;103042;6893.500000000;4;9459458597;B
20240124;103043;6893.500000000;1;9459458840;B
20240124;103054;6893.000000000;1;9459460898;S
20240124;103055;6893.000000000;7;9459461054;B
20240124;103059;6892.500000000;1;9459462197;S
20240124;103101;6893.000000000;1;9459462528;B
20240124;103102;6893.000000000;23;9459462689;B
20240124;103111;6893.000000000;2;9459464100;B
20240124;103119;6893.000000000;1;9459465368;B
20240124;103123;6893.000000000;2;9459465771;B
20240124;103123;6892.500000000;2;9459465788;S
20240124;103131;6892.500000000;1;9459466998;B
20240124;103131;6893.000000000;6;9459466999;B
20240124;103135;6893.000000000;107;9459467633;B
20240124;103135;6893.000000000;7;9459467634;B
20240124;103135;6894.000000000;1;9459467635;B
20240124;103135;6894.000000000;91;9459467636;B
20240124;103154;6894.000000000;5;9459471025;B
20240124;103202;6894.000000000;30;9459471967;B
20240124;103207;6894.000000000;2;9459472455;B
20240124;103213;6892.500000000;4;9459473238;S
20240124;103220;6894.000000000;8;9459474137;B
20240124;103248;6894.000000000;1;9459478425;B
20240124;103254;6893.500000000;1;9459479254;B
20240124;103308;6893.500000000;1;9459480962;B
20240124;103309;6893.500000000;2;9459481130;B
20240124;103310;6893.500000000;7;9459481154;B
20240124;103311;6893.000000000;3;9459481295;S
20240124;103333;6893.500000000;1;9459484082;S
20240124;103336;6893.500000000;3;9459484578;S
20240124;103337;6894.000000000;1;9459484772;B
20240124;103341;6893.500000000;3;9459485292;S
20240124;103350;6894.000000000;1;9459486159;B
20240124;103355;6893.500000000;1;9459486719;S
20240124;103356;6893.500000000;1;9459486815;S
20240124;103359;6894.000000000;7;9459487190;B
20240124;103403;6894.000000000;1;9459487644;B
20240124;103405;6893.500000000;25;9459487870;S
20240124;103405;6893.500000000;26;9459487871;S
20240124;103406;6894.000000000;20;9459487956;B
20240124;103408;6894.000000000;20;9459488260;B
20240124;103411;6894.000000000;1;9459488602;B
20240124;103412;6894.000000000;1;9459488704;B
20240124;103412;6894.000000000;1;9459488712;B
20240124;103416;6893.500000000;2;9459489130;S
20240124;103416;6894.000000000;3;9459489179;B
20240124;103417;6894.000000000;3;9459489281;B
20240124;103423;6894.000000000;2;9459489904;B
20240124;103425;6894.000000000;1;9459490176;B
20240124;103426;6894.000000000;2;9459490298;B
20240124;103428;6894.000000000;10;9459490439;B
20240124;103436;6893.500000000;1;9459491259;S
20240124;103439;6894.000000000;5;9459491614;B
20240124;103442;6894.000000000;2;9459491971;B
20240124;103448;6894.000000000;7;9459492591;B
20240124;103457;6894.000000000;1;9459493800;B
20240124;103501;6894.000000000;3;9459494148;B
20240124;103503;6893.500000000;4;9459494394;S
20240124;103503;6893.500000000;22;9459494395;S
20240124;103503;6893.000000000;3;9459494396;S
20240124;103503;6893.000000000;45;9459494397;S
20240124;103503;6893.000000000;100;9459494398;S
20240124;103503;6893.000000000;2;9459494399;S
20240124;103503;6893.000000000;5;9459494400;S
20240124;103511;6893.500000000;1;9459495426;B
20240124;103523;6893.000000000;1;9459496721;B
20240124;103529;6893.500000000;6;9459497416;B
20240124;103537;6893.500000000;8;9459498238;B
20240124;103547;6893.500000000;10;9459499125;B
20240124;103606;6893.000000000;1;9459501284;B
20240124;103614;6892.500000000;8;9459502045;S
20240124;103620;6893.000000000;26;9459502736;B
20240124;103622;6893.000000000;5;9459503270;B
20240124;103626;6893.000000000;18;9459503773;B
20240124;103626;6893.500000000;2;9459503774;B
20240124;103627;6894.000000000;7;9459503894;B
20240124;103629;6893.500000000;22;9459504132;S
20240124;103629;6893.500000000;7;9459504133;S
20240124;103629;6893.000000000;46;9459504134;S
20240124;103629;6892.500000000;2;9459504135;S
20240124;103629;6892.000000000;3;9459504136;S
20240124;103629;6892.000000000;9;9459504137;S
20240124;103629;6892.000000000;26;9459504138;S
20240124;103629;6892.000000000;9;9459504139;S
20240124;103629;6892.000000000;9;9459504140;S
20240124;103629;6892.000000000;26;9459504141;S
20240124;103629;6892.000000000;9;9459504142;S
20240124;103629;6892.000000000;8;9459504143;S
20240124;103629;6892.000000000;26;9459504144;S
20240124;103629;6892.000000000;9;9459504145;S
20240124;103629;6892.000000000;8;9459504146;S
20240124;103629;6892.000000000;26;9459504147;S
20240124;103629;6892.000000000;4;9459504148;S
20240124;103634;6893.500000000;1;9459504603;B
20240124;103641;6894.000000000;1;9459505200;B
20240124;103648;6894.000000000;8;9459505855;B
20240124;103651;6894.000000000;10;9459506273;B
20240124;103655;6894.000000000;1;9459506749;B
20240124;103716;6894.000000000;7;9459509085;B
20240124;103723;6894.000000000;20;9459509793;B
20240124;103725;6893.500000000;5;9459510005;S
20240124;103730;6894.000000000;1;9459510485;B
20240124;103737;6893.500000000;1;9459511137;B
20240124;103750;6893.500000000;2;9459512406;B
20240124;103751;6892.000000000;4;9459512658;S
20240124;103751;6892.000000000;5;9459512659;S
20240124;103751;6892.000000000;1;9459512660;S
20240124;103805;6893.500000000;7;9459515531;B
20240124;103806;6893.500000000;7;9459515571;B
20240124;103829;6892.000000000;1;9459518384;S
20240124;103831;6891.500000000;1;9459518883;S
20240124;103832;6893.000000000;1;9459519243;B
20240124;103843;6893.000000000;1;9459520753;B
20240124;103848;6893.000000000;1;9459521374;B
20240124;103848;6893.000000000;7;9459521400;B
20240124;103848;6894.000000000;9;9459521401;B
20240124;103855;6893.500000000;8;9459523208;B
20240124;103857;6892.000000000;1;9459523572;S
20240124;103901;6893.500000000;50;9459523954;B
20240124;103901;6893.500000000;5;9459524050;B
20240124;103909;6893.500000000;2;9459524843;B
20240124;103911;6892.500000000;5;9459525156;S
20240124;103944;6894.000000000;7;9459529041;B
20240124;104002;6894.000000000;1;9459530962;B
20240124;104003;6893.000000000;1;9459530994;S
20240124;104010;6893.500000000;1;9459532142;B
20240124;104033;6893.500000000;7;9459534968;B
20240124;104034;6893.500000000;3;9459535117;B
20240124;104034;6893.500000000;1;9459535118;B
20240124;104045;6893.000000000;1;9459536136;S
20240124;104045;6893.000000000;24;9459536137;S
20240124;104053;6894.000000000;1;9459536904;B
20240124;104102;6893.000000000;8;9459537759;S
20240124;104118;6893.500000000;1;9459539204;B
20240124;104122;6893.500000000;7;9459539662;B
20240124;104136;6893.500000000;1;9459540906;S
20240124;104147;6893.000000000;4;9459542012;S
20240124;104149;6893.500000000;1;9459542287;B
20240124;104154;6893.000000000;1;9459542993;S
20240124;104157;6893.000000000;1;9459543224;S
20240124;104158;6893.000000000;1;9459543405;S
20240124;104208;6893.500000000;4;9459544786;B
20240124;104208;6893.000000000;10;9459544787;S
20240124;104208;6893.000000000;1;9459544788;S
20240124;104208;6893.000000000;1;9459544789;S
20240124;104208;6893.000000000;2;9459544790;S
20240124;104208;6893.000000000;3;9459544791;S
20240124;104210;6893.500000000;17;9459545107;B
20240124;104210;6893.500000000;1;9459545108;B
20240124;104212;6893.500000000;7;9459545222;B
20240124;104212;6893.500000000;1;9459545223;B
20240124;104217;6892.500000000;3;9459545859;B
20240124;104221;6893.000000000;1;9459546708;B
20240124;104231;6892.000000000;15;9459548405;S
20240124;104231;6891.500000000;5;9459548406;S
20240124;104231;6892.000000000;2;9459548527;B
20240124;104238;6892.000000000;4;9459549183;B
20240124;104241;6893.000000000;2;9459549405;B
20240124;104256;6893.000000000;1;9459551029;B
20240124;104259;6892.500000000;1;9459551359;S
20240124;104301;6893.000000000;7;9459551549;B
20240124;104303;6892.500000000;1;9459551874;S
20240124;104305;6893.000000000;4;9459552236;B
20240124;104306;6893.000000000;1;9459552394;B
20240124;104310;6892.500000000;2;9459552874;S
20240124;104311;6892.000000000;12;9459552925;S
20240124;104312;6892.000000000;1;9459553100;B
20240124;104318;6891.000000000;1;9459553709;S
20240124;104318;6891.000000000;4;9459553710;S
20240124;104318;6890.000000000;1;9459553711;S
20240124;104318;6890.000000000;1;9459553712;S
20240124;104318;6890.000000000;15;9459553713;S
20240124;104318;6890.000000000;1;9459553714;S
20240124;104318;6890.000000000;1;9459553715;S
20240124;104318;6890.000000000;5;9459553716;S
20240124;104318;6890.000000000;7;9459553717;S
20240124;104318;6890.000000000;64;9459553718;S
20240124;104328;6890.000000000;2;9459554999;S
20240124;104338;6890.000000000;1;9459556465;S
20240124;104341;6890.000000000;33;9459556761;S
20240124;104341;6890.000000000;2;9459556762;S
20240124;104341;6890.000000000;1;9459556763;S
20240124;104341;6889.000000000;1;9459556764;S
20240124;104341;6889.000000000;1;9459556765;S
20240124;104342;6888.000000000;23;9459556903;S
20240124;104342;6888.000000000;10;9459556904;S
20240124;104342;6888.000000000;30;9459556905;S
20240124;104342;6887.500000000;7;9459556906;S
20240124;104342;6887.000000000;40;9459556907;S
20240124;104342;6887.000000000;32;9459556908;S
20240124;104350;6887.000000000;1;9459557830;B
20240124;104350;6888.000000000;6;9459557831;B
20240124;104357;6886.500000000;3;9459558668;S
20240124;104357;6886.500000000;3;9459558669;S
20240124;104357;6885.500000000;10;9459558670;S
20240124;104357;6885.000000000;10;9459558671;S
20240124;104357;6885.000000000;1;9459558672;S
20240124;104357;6885.000000000;2;9459558673;S
20240124;104357;6885.000000000;10;9459558674;S
20240124;104357;6885.000000000;5;9459558675;S
20240124;104357;6885.000000000;10;9459558676;S
20240124;104357;6884.000000000;1;9459558677;S
20240124;104357;6883.000000000;1;9459558678;S
20240124;104357;6883.000000000;4;9459558679;S
20240124;104357;6882.500000000;1;9459558680;S
20240124;104357;6882.500000000;80;9459558681;S
20240124;104357;6882.000000000;4;9459558682;S
20240124;104358;6887.000000000;2;9459558756;S
20240124;104403;6887.500000000;5;9459559489;B
20240124;104404;6886.500000000;5;9459559618;S
20240124;104409;6886.500000000;1;9459560456;B
20240124;104420;6887.000000000;1;9459561794;B
20240124;104422;6887.000000000;1;9459561915;B
20240124;104423;6887.000000000;2;9459562053;B
20240124;104425;6887.000000000;2;9459562230;B
20240124;104437;6887.000000000;1;9459563464;B
20240124;104437;6887.000000000;1;9459563465;B
20240124;104437;6888.000000000;1;9459563466;B
20240124;104437;6888.000000000;11;9459563467;B
20240124;104437;6888.000000000;1;9459563468;B
20240124;104437;6888.500000000;1;9459563491;B
20240124;104439;6889.500000000;1;9459563650;B
20240124;104439;6890.000000000;8;9459563683;B
20240124;104442;6888.000000000;10;9459563857;S
20240124;104442;6888.000000000;21;9459563858;S
20240124;104442;6887.500000000;4;9459563859;S
20240124;104442;6887.500000000;10;9459563860;S
20240124;104442;6887.000000000;10;9459563861;S
20240124;104442;6885.500000000;10;9459563862;S
20240124;104442;6885.500000000;80;9459563863;S
20240124;104442;6885.000000000;10;9459563864;S
20240124;104442;6885.000000000;10;9459563865;S
20240124;104442;6884.500000000;84;9459563866;B
20240124;104448;6889.000000000;1;9459564514;B
20240124;104455;6890.000000000;1;9459564987;B
20240124;104457;6887.500000000;3;9459565207;S
20240124;104524;6886.500000000;22;9459568783;S
20240124;104524;6886.500000000;3;9459568784;S
20240124;104529;6889.000000000;7;9459569351;B
20240124;104540;6887.500000000;2;9459570498;S
20240124;104540;6886.000000000;2;9459570499;S
20240124;104540;6886.000000000;10;9459570500;S
20240124;104540;6886.000000000;26;9459570501;S
20240124;104540;6885.500000000;10;9459570502;S
20240124;104542;6885.500000000;22;9459570730;S
20240124;104542;6885.500000000;10;9459570731;S
20240124;104542;6885.000000000;10;9459570732;S
20240124;104542;6885.000000000;7;9459570733;S
20240124;104542;6885.000000000;4;9459570734;S
20240124;104542;6884.500000000;23;9459570735;S
20240124;104542;6884.500000000;10;9459570736;S
20240124;104542;6883.500000000;10;9459570737;S
20240124;104542;6883.500000000;80;9459570738;S
20240124;104542;6883.000000000;10;9459570739;S
20240124;104542;6883.000000000;2;9459570740;S
20240124;104542;6883.000000000;1;9459570741;S
20240124;104542;6883.000000000;1;9459570742;S
20240124;104542;6882.500000000;1;9459570743;S
20240124;104542;6882.000000000;1;9459570744;S
20240124;104542;6882.000000000;10;9459570745;S
20240124;104542;6882.000000000;20;9459570746;S
20240124;104542;6882.000000000;11;9459570747;S
20240124;104542;6881.500000000;1;9459570748;S
20240124;104542;6881.000000000;1;9459570749;S
20240124;104542;6881.000000000;1;9459570750;S
20240124;104542;6881.000000000;2;9459570751;S
20240124;104542;6881.000000000;30;9459570752;S
20240124;104542;6881.000000000;5;9459570753;S
20240124;104542;6880.500000000;5;9459570754;S
20240124;104542;6880.500000000;8;9459570755;S
20240124;104553;6882.000000000;10;9459571925;S
20240124;104553;6882.000000000;5;9459571926;S
20240124;104553;6881.000000000;10;9459571927;S
20240124;104553;6880.500000000;25;9459571928;S
20240124;104553;6884.500000000;3;9459571930;B
20240124;104557;6880.500000000;67;9459572228;S
20240124;104557;6880.500000000;1;9459572229;S
20240124;104557;6880.500000000;10;9459572230;S
20240124;104557;6880.500000000;42;9459572231;S
20240124;104609;6880.500000000;1;9459573233;S
20240124;104609;6880.500000000;10;9459573234;S
20240124;104609;6880.000000000;1;9459573235;S
20240124;104609;6880.000000000;1;9459573236;S
20240124;104609;6880.000000000;6;9459573237;S
20240124;104609;6880.000000000;10;9459573238;S
20240124;104609;6880.000000000;5;9459573239;S
20240124;104609;6880.000000000;3;9459573240;S
20240124;104609;6880.000000000;5;9459573241;S
20240124;104609;6880.000000000;1;9459573242;S
20240124;104609;6880.000000000;1;9459573243;S
20240124;104609;6880.000000000;1;9459573244;S
20240124;104609;6880.000000000;15;9459573245;S
20240124;104609;6880.000000000;5;9459573246;S
20240124;104609;6880.000000000;2;9459573247;S
20240124;104609;6880.000000000;3;9459573248;S
20240124;104609;6880.000000000;9;9459573249;S
20240124;104609;6880.000000000;1;9459573250;S
20240124;104609;6880.000000000;1;9459573251;S
20240124;104609;6880.000000000;15;9459573252;S
20240124;104609;6880.000000000;30;9459573253;S
20240124;104609;6880.000000000;1;9459573254;S
20240124;104609;6880.000000000;5;9459573255;S
20240124;104609;6880.000000000;1;9459573256;S
20240124;104609;6880.000000000;2;9459573257;S
20240124;104609;6880.000000000;10;9459573258;S
20240124;104609;6880.000000000;3;9459573259;S
20240124;104609;6880.000000000;1;9459573260;S
20240124;104609;6880.000000000;10;9459573261;S
20240124;104609;6880.000000000;10;9459573262;S
20240124;104609;6880.000000000;1;9459573263;S
20240124;104609;6880.000000000;10;9459573264;S
20240124;104609;6880.000000000;5;9459573265;S
20240124;104609;6880.000000000;20;9459573266;S
20240124;104609;6880.000000000;1;9459573267;S
20240124;104609;6879.500000000;15;9459573268;S
20240124;104609;6879.500000000;6;9459573269;S
20240124;104609;6879.500000000;1;9459573270;S
20240124;104609;6879.500000000;11;9459573271;S
20240124;104609;6879.000000000;10;9459573272;S
20240124;104609;6879.000000000;6;9459573273;S
20240124;104609;6879.000000000;92;9459573274;S
20240124;104609;6879.000000000;12;9459573319;S
20240124;104612;6883.500000000;1;9459573928;B
20240124;104612;6884.000000000;5;9459573929;B
20240124;104612;6884.000000000;8;9459573930;B
20240124;104618;6884.000000000;7;9459574710;B
20240124;104631;6884.000000000;2;9459576210;B
20240124;104639;6882.000000000;1;9459577077;S
20240124;104706;6883.500000000;1;9459579289;S
20240124;104706;6883.500000000;5;9459579290;S
20240124;104706;6883.500000000;4;9459579291;S
20240124;104706;6883.500000000;2;9459579395;S
20240124;104707;6883.500000000;4;9459579481;S
20240124;104707;6883.000000000;3;9459579482;S
20240124;104707;6884.000000000;5;9459579505;B
20240124;104707;6884.500000000;2;9459579506;B
20240124;104744;6885.000000000;8;9459583537;B
20240124;104746;6883.500000000;5;9459583775;S
20240124;104746;6883.500000000;1;9459583776;S
20240124;104746;6883.000000000;17;9459583777;S
20240124;104746;6882.500000000;1;9459583778;S
20240124;104746;6882.500000000;1;9459583779;S
20240124;104746;6882.500000000;7;9459583780;S
20240124;104752;6884.500000000;1;9459584312;B
20240124;104752;6884.500000000;1;9459584313;B
20240124;104752;6885.000000000;3;9459584314;B
20240124;104755;6885.000000000;1;9459584509;B
20240124;104757;6885.000000000;3;9459584639;B
20240124;104757;6886.000000000;5;9459584640;B
20240124;104806;6886.500000000;3;9459585617;B
20240124;104819;6886.500000000;1;9459586924;S
20240124;104820;6886.000000000;10;9459587370;S
20240124;104821;6887.000000000;1;9459587862;B
20240124;104835;6886.000000000;5;9459589380;B
20240124;104835;6886.000000000;4;9459589381;B
20240124;104845;6885.000000000;1;9459590575;S
20240124;104846;6886.000000000;7;9459590707;B
20240124;104847;6885.000000000;9;9459590802;S
20240124;104853;6886.000000000;1;9459591443;B
20240124;104857;6884.500000000;1;9459591710;B
20240124;104905;6884.500000000;2;9459592634;B
20240124;104910;6884.000000000;2;9459593072;B
20240124;104913;6883.000000000;5;9459593342;S
20240124;104915;6883.500000000;1;9459593923;B
20240124;104922;6882.500000000;2;9459594559;S
20240124;104925;6882.500000000;2;9459595009;S
20240124;104935;6883.500000000;3;9459596275;B
20240124;104935;6883.500000000;4;9459596276;B
20240124;104944;6882.000000000;1;9459597058;S
20240124;104944;6882.000000000;1;9459597059;S
20240124;104944;6881.000000000;1;9459597060;S
20240124;104944;6881.000000000;1;9459597061;S
20240124;104944;6881.000000000;10;9459597062;S
20240124;104944;6881.000000000;4;9459597063;S
20240124;104944;6881.000000000;11;9459597064;S
20240124;104944;6880.500000000;10;9459597065;S
20240124;104944;6880.000000000;1;9459597066;S
20240124;104944;6880.000000000;5;9459597067;S
20240124;104944;6880.000000000;1;9459597068;S
20240124;104944;6880.000000000;10;9459597069;S
20240124;104944;6880.000000000;1;9459597070;S
20240124;104944;6880.000000000;11;9459597071;S
20240124;104944;6879.500000000;5;9459597072;S
20240124;104944;6879.500000000;10;9459597073;S
20240124;104944;6879.000000000;89;9459597074;S
20240124;104944;6879.000000000;1;9459597075;S
20240124;104944;6879.000000000;50;9459597076;S
20240124;104944;6879.000000000;1;9459597077;S
20240124;104944;6878.500000000;6;9459597078;S
20240124;104944;6878.500000000;1;9459597079;S
20240124;104944;6878.500000000;10;9459597080;S
20240124;104944;6878.500000000;11;9459597081;S
20240124;104944;6878.000000000;6;9459597082;S
20240124;104944;6877.500000000;6;9459597083;S
20240124;104944;6877.500000000;20;9459597084;S
20240124;104944;6877.000000000;6;9459597085;S
20240124;104944;6877.000000000;10;9459597086;S
20240124;104944;6877.000000000;50;9459597087;S
20240124;104944;6876.500000000;6;9459597088;S
20240124;104944;6876.000000000;6;9459597089;S
20240124;104944;6876.000000000;10;9459597090;S
20240124;104944;6876.000000000;29;9459597091;S
20240124;104944;6876.000000000;20;9459597092;S
20240124;104944;6875.500000000;6;9459597093;S
20240124;104944;6875.500000000;10;9459597094;S
20240124;104944;6875.000000000;3;9459597095;S
20240124;104944;6875.000000000;6;9459597096;S
20240124;104944;6875.000000000;1;9459597097;S
20240124;104944;6875.000000000;1;9459597098;S
20240124;104944;6875.000000000;1;9459597099;S
20240124;104944;6875.000000000;1;9459597100;S
20240124;104944;6875.000000000;5;9459597101;S
20240124;104944;6875.000000000;1;9459597102;S
20240124;104944;6875.000000000;5;9459597103;S
20240124;104944;6875.000000000;1;9459597104;S
20240124;104944;6875.000000000;38;9459597105;S
20240124;104944;6875.000000000;2;9459597106;S
20240124;104944;6875.000000000;1;9459597107;S
20240124;104944;6875.000000000;1;9459597108;S
20240124;104944;6875.500000000;11;9459597116;S
20240124;104944;6875.500000000;10;9459597117;S
20240124;104944;6875.500000000;80;9459597118;S
20240124;104944;6875.500000000;2;9459597119;S
20240124;104944;6874.500000000;6;9459597120;S
20240124;104944;6874.500000000;1;9459597121;S
20240124;104944;6874.500000000;10;9459597122;S
20240124;104944;6874.000000000;6;9459597123;S
20240124;104944;6874.000000000;1;9459597124;S
20240124;104944;6874.000000000;20;9459597125;S
20240124;104944;6874.000000000;10;9459597126;S
20240124;104944;6874.000000000;4;9459597127;S
20240124;104944;6873.500000000;6;9459597128;S
20240124;104944;6873.500000000;1;9459597129;S
20240124;104944;6873.500000000;10;9459597130;S
20240124;104944;6873.000000000;6;9459597131;S
20240124;104944;6873.000000000;10;9459597132;S
20240124;104944;6873.000000000;20;9459597133;S
20240124;104944;6873.000000000;11;9459597134;S
20240124;104944;6873.000000000;10;9459597135;S
20240124;104944;6873.000000000;40;9459597136;S
20240124;104944;6872.500000000;6;9459597137;S
20240124;104944;6872.500000000;1;9459597138;S
20240124;104944;6872.500000000;1;9459597139;S
20240124;104944;6872.500000000;22;9459597140;S
20240124;104944;6872.500000000;10;9459597141;S
20240124;104944;6872.000000000;6;9459597142;S
20240124;104944;6872.000000000;1;9459597143;S
20240124;104944;6872.000000000;29;9459597144;S
20240124;104944;6871.500000000;6;9459597145;S
20240124;104944;6871.500000000;8;9459597146;S
20240124;104945;6872.500000000;1;9459597174;S
20240124;104945;6872.500000000;5;9459597175;S
20240124;104945;6872.500000000;10;9459597176;S
20240124;104945;6872.500000000;35;9459597177;S
20240124;104945;6875.000000000;6;9459597230;S
20240124;104945;6875.000000000;1;9459597231;S
20240124;104945;6873.000000000;62;9459597232;S
20240124;104945;6872.500000000;1;9459597233;S
20240124;104945;6872.500000000;9;9459597239;S
20240124;104945;6872.500000000;1;9459597240;S
20240124;104945;6877.000000000;3;9459597243;S
20240124;104948;6873.500000000;1;9459597532;B
20240124;104948;6877.000000000;5;9459597535;S
20240124;104948;6877.000000000;5;9459597536;S
20240124;104948;6877.000000000;5;9459597537;S
20240124;104952;6877.000000000;1;9459597932;B
20240124;104952;6877.500000000;2;9459597933;B
20240124;104957;6877.000000000;1;9459598384;B
20240124;104959;6876.500000000;5;9459598664;S
20240124;104959;6875.500000000;4;9459598665;S
20240124;104959;6875.000000000;10;9459598666;S
20240124;104959;6874.000000000;9;9459598667;S
20240124;104959;6873.000000000;2;9459598668;S
20240124;105009;6876.500000000;2;9459599473;B
20240124;105010;6873.000000000;9;9459599569;S
20240124;105010;6873.000000000;4;9459599570;S
20240124;105010;6872.500000000;2;9459599571;S
20240124;105010;6872.000000000;10;9459599572;S
20240124;105010;6871.500000000;12;9459599573;S
20240124;105010;6871.500000000;20;9459599574;S
20240124;105010;6871.500000000;10;9459599575;S
20240124;105010;6871.500000000;2;9459599576;S
20240124;105010;6871.500000000;29;9459599577;S
20240124;105010;6871.500000000;2;9459599578;B
20240124;105024;6876.000000000;1;9459600880;B
20240124;105024;6876.000000000;2;9459600881;B
20240124;105024;6876.000000000;4;9459600882;B
20240124;105025;6874.000000000;1;9459600902;S
20240124;105037;6874.500000000;4;9459602043;S
20240124;105039;6875.500000000;2;9459602322;B
20240124;105039;6876.000000000;26;9459602391;B
20240124;105039;6876.000000000;20;9459602393;B
20240124;105039;6876.000000000;6;9459602394;B
20240124;105045;6875.500000000;1;9459603315;S
20240124;105045;6875.500000000;1;9459603316;S
20240124;105047;6876.000000000;10;9459603533;B
20240124;105052;6875.500000000;1;9459603951;S
20240124;105052;6875.500000000;7;9459603952;S
20240124;105058;6876.000000000;1;9459604411;B
20240124;105102;6876.000000000;2;9459604807;B
20240124;105104;6876.000000000;5;9459604983;B
20240124;105114;6876.000000000;8;9459605866;B
20240124;105131;6876.000000000;1;9459607227;B
20240124;105138;6876.000000000;1;9459607889;B
20240124;105140;6876.000000000;5;9459608005;B
20240124;105141;6876.000000000;4;9459608028;B
20240124;105148;6876.000000000;16;9459608654;B
20240124;105153;6875.500000000;1;9459609056;S
20240124;105153;6875.000000000;7;9459609057;S
20240124;105153;6875.000000000;2;9459609058;S
20240124;105154;6876.000000000;7;9459609136;B
20240124;105156;6876.000000000;6;9459609278;B
20240124;105203;6876.000000000;7;9459609753;B
20240124;105207;6875.500000000;4;9459610109;S
20240124;105207;6875.000000000;1;9459610110;S
20240124;105207;6875.000000000;2;9459610111;S
20240124;105207;6875.000000000;13;9459610112;S
20240124;105211;6876.000000000;1;9459610525;B
20240124;105212;6876.000000000;1;9459610583;B
20240124;105213;6876.000000000;1;9459610616;B
20240124;105213;6876.000000000;1;9459610709;B
20240124;105213;6876.000000000;1;9459610726;B
20240124;105214;6876.000000000;1;9459610778;B
20240124;105214;6875.500000000;11;9459610787;S
20240124;105214;6875.500000000;1;9459610788;S
20240124;105214;6875.000000000;1;9459610789;S
20240124;105214;6876.000000000;1;9459610812;B
