<DATE>;<TIME>;<LAST>;<VOL>;<ID>;<OPER>
20240130;095935;6920.000000000;1;9478383996;S
20240130;095935;6920.000000000;1;9478383997;S
20240130;095935;6920.000000000;2;9478383998;S
20240130;095935;6920.000000000;1;9478383999;S
20240130;095935;6920.000000000;1;9478384000;S
20240130;095935;6920.000000000;6;9478384001;B
20240130;095935;6920.000000000;28;9478384002;S
20240130;095935;6920.000000000;15;9478384003;S
20240130;095935;6920.000000000;9;9478384004;S
20240130;095935;6920.000000000;1;9478384005;S
20240130;095935;6920.000000000;5;9478384006;S
20240130;095935;6920.000000000;4;9478384007;S
20240130;095935;6920.000000000;6;9478384008;B
20240130;095935;6920.000000000;6;9478384009;B
20240130;095935;6920.000000000;6;9478384010;B
20240130;095935;6920.000000000;1;9478384011;S
20240130;095935;6920.000000000;6;9478384012;B
20240130;095935;6920.000000000;6;9478384013;B
20240130;095935;6920.000000000;2;9478384014;S
20240130;095935;6920.000000000;6;9478384015;B
20240130;095935;6920.000000000;6;9478384016;B
20240130;095935;6920.000000000;1;9478384017;B
20240130;095935;6920.000000000;6;9478384018;B
20240130;095935;6920.000000000;6;9478384019;B
20240130;095935;6920.000000000;1;9478384020;B
20240130;095935;6920.000000000;1;9478384021;B
20240130;095935;6920.000000000;2;9478384022;B
20240130;095935;6920.000000000;1;9478384023;B
20240130;095935;6920.000000000;1;9478384024;B
20240130;095935;6920.000000000;10;9478384025;S
20240130;095935;6920.000000000;2;9478384026;S
20240130;095935;6920.000000000;3;9478384027;B
20240130;095935;6920.000000000;3;9478384028;B
20240130;095935;6920.000000000;6;9478384029;B
20240130;095935;6920.000000000;1;9478384030;S
20240130;095935;6920.000000000;6;9478384031;B
20240130;095935;6920.000000000;6;9478384032;B
20240130;095935;6920.000000000;1;9478384033;B
20240130;095935;6920.000000000;5;9478384034;B
20240130;095935;6920.000000000;1;9478384035;B
20240130;095935;6920.000000000;1;9478384036;B
20240130;095935;6920.000000000;1;9478384037;B
20240130;095935;6920.000000000;1;9478384038;B
20240130;095935;6920.000000000;5;9478384039;B
20240130;095935;6920.000000000;1;9478384040;B
20240130;095935;6920.000000000;6;9478384041;B
20240130;095935;6920.000000000;6;9478384042;B
20240130;095935;6920.000000000;10;9478384043;B
20240130;095935;6920.000000000;6;9478384044;B
20240130;095935;6920.000000000;2;9478384045;B
20240130;095935;6920.000000000;3;9478384046;B
20240130;095935;6920.000000000;6;9478384047;B
20240130;095935;6920.000000000;2;9478384048;B
20240130;095935;6920.000000000;1;9478384049;B
20240130;095935;6920.000000000;1;9478384050;B
20240130;095935;6920.000000000;1;9478384051;B
20240130;095935;6920.000000000;34;9478384052;B
20240130;095935;6920.000000000;6;9478384053;B
20240130;095935;6920.000000000;1;9478384054;B
20240130;095935;6920.000000000;28;9478384055;B
20240130;095935;6920.000000000;5;9478384056;S
20240130;095935;6920.000000000;1;9478384057;S
20240130;095935;6920.000000000;1;9478384058;B
20240130;095935;6920.000000000;10;9478384059;S
20240130;095935;6920.000000000;8;9478384060;B
20240130;095935;6920.000000000;1;9478384061;B
20240130;095935;6920.000000000;5;9478384062;S
20240130;095935;6920.000000000;10;9478384063;S
20240130;095935;6920.000000000;6;9478384064;B
20240130;095935;6920.000000000;6;9478384065;B
20240130;095935;6920.000000000;6;9478384066;B
20240130;095935;6920.000000000;1;9478384067;B
20240130;095935;6920.000000000;6;9478384068;B
20240130;095935;6920.000000000;1;9478384069;S
20240130;095935;6920.000000000;6;9478384070;B
20240130;095935;6920.000000000;15;9478384071;B
20240130;095935;6920.000000000;6;9478384072;B
20240130;095935;6920.000000000;6;9478384073;B
20240130;095935;6920.000000000;5;9478384074;B
20240130;095935;6920.000000000;1;9478384075;B
20240130;095935;6920.000000000;6;9478384076;B
20240130;095935;6920.000000000;1;9478384077;B
20240130;095935;6920.000000000;6;9478384078;B
20240130;095935;6920.000000000;20;9478384079;B
20240130;095935;6920.000000000;20;9478384080;B
20240130;095935;6920.000000000;6;9478384081;B
20240130;095935;6920.000000000;1;9478384082;B
20240130;095935;6920.000000000;1;9478384083;B
20240130;095935;6920.000000000;2;9478384084;B
20240130;095935;6920.000000000;1;9478384085;S
20240130;095935;6920.000000000;1;9478384086;S
20240130;100000;6920.000000000;11;9478390511;S
20240130;100000;6920.000000000;1;9478390744;S
20240130;100000;6920.000000000;4;9478391141;S
20240130;100001;6920.000000000;4;9478391335;S
20240130;100001;6920.000000000;21;9478391430;S
20240130;100001;6920.000000000;10;9478391749;S
20240130;100001;6920.500000000;2;9478391769;B
20240130;100001;6920.000000000;4;9478391800;S
20240130;100001;6920.000000000;100;9478391801;S
20240130;100001;6920.000000000;2;9478391802;S
20240130;100001;6919.500000000;6;9478391835;B
20240130;100001;6919.500000000;5;9478391988;B
20240130;100001;6919.500000000;6;9478391989;B
20240130;100001;6919.500000000;2;9478391990;B
20240130;100001;6919.000000000;5;9478392077;S
20240130;100001;6919.000000000;5;9478392249;B
20240130;100002;6919.000000000;6;9478392416;B
20240130;100002;6915.500000000;1;9478392425;S
20240130;100002;6919.000000000;5;9478392535;B
20240130;100002;6919.000000000;6;9478392654;B
20240130;100002;6919.500000000;4;9478392655;B
20240130;100002;6915.500000000;4;9478392659;S
20240130;100002;6916.000000000;3;9478392682;B
20240130;100002;6916.000000000;1;9478392703;S
20240130;100002;6915.500000000;1;9478392850;S
20240130;100002;6919.500000000;2;9478392937;B
20240130;100002;6915.500000000;1;9478393080;S
20240130;100002;6919.500000000;12;9478393162;B
20240130;100003;6916.500000000;15;9478393258;S
20240130;100003;6915.500000000;2;9478393469;S
20240130;100003;6915.000000000;1;9478393780;S
20240130;100003;6915.000000000;14;9478393781;S
20240130;100003;6915.000000000;2;9478393782;S
20240130;100003;6914.500000000;3;9478393783;S
20240130;100003;6914.000000000;4;9478393784;S
20240130;100003;6914.000000000;1;9478393785;S
20240130;100003;6914.000000000;1;9478393786;S
20240130;100003;6914.000000000;1;9478393787;S
20240130;100003;6914.000000000;1;9478393788;S
20240130;100003;6914.000000000;1;9478393789;S
20240130;100003;6914.000000000;1;9478393790;S
20240130;100003;6915.000000000;1;9478393794;B
20240130;100003;6915.500000000;1;9478393795;B
20240130;100003;6915.500000000;2;9478393796;B
20240130;100004;6917.000000000;2;9478393931;B
20240130;100004;6917.000000000;3;9478393932;B
20240130;100004;6918.000000000;1;9478393986;B
20240130;100004;6919.000000000;2;9478394049;B
20240130;100004;6919.500000000;2;9478394050;B
20240130;100005;6919.500000000;3;9478394424;B
20240130;100005;6919.500000000;69;9478394425;B
20240130;100005;6919.500000000;78;9478394426;B
20240130;100005;6919.500000000;1;9478395437;S
20240130;100005;6920.000000000;1;9478395640;B
20240130;100006;6920.000000000;9;9478395804;B
20240130;100006;6919.000000000;5;9478396884;S
20240130;100006;6919.000000000;2;9478396885;S
20240130;100006;6918.500000000;21;9478396886;S
20240130;100006;6917.000000000;37;9478396887;S
20240130;100006;6916.500000000;20;9478396888;S
20240130;100006;6915.000000000;31;9478396889;S
20240130;100006;6915.000000000;22;9478396890;S
20240130;100006;6914.500000000;2;9478396891;S
20240130;100006;6915.000000000;3;9478397001;S
20240130;100009;6916.500000000;1;9478398629;S
20240130;100009;6919.000000000;10;9478398751;B
20240130;100009;6919.000000000;2;9478398780;B
20240130;100010;6919.000000000;1;9478399380;B
20240130;100010;6919.000000000;2;9478399435;B
20240130;100010;6920.000000000;2;9478399436;B
20240130;100010;6917.500000000;1;9478399437;S
20240130;100010;6915.500000000;2;9478399438;S
20240130;100010;6915.000000000;8;9478399439;S
20240130;100010;6914.500000000;7;9478399440;S
20240130;100011;6915.500000000;10;9478399619;S
20240130;100011;6919.000000000;3;9478399661;B
20240130;100011;6919.000000000;10;9478399662;B
20240130;100011;6919.000000000;7;9478399663;B
20240130;100014;6919.000000000;1;9478401447;S
20240130;100015;6919.500000000;2;9478401521;B
20240130;100015;6920.000000000;1;9478401522;B
20240130;100020;6919.500000000;2;9478403591;B
20240130;100020;6919.500000000;1;9478403592;B
20240130;100022;6919.000000000;4;9478404129;S
20240130;100024;6919.500000000;5;9478404765;B
20240130;100025;6919.500000000;1;9478404876;B
20240130;100028;6916.000000000;2;9478405287;S
20240130;100028;6915.500000000;1;9478405288;S
20240130;100031;6920.000000000;2;9478405984;B
20240130;100032;6920.000000000;4;9478406265;B
20240130;100032;6920.000000000;1;9478406266;B
20240130;100032;6920.000000000;2;9478406267;B
20240130;100033;6920.000000000;10;9478406688;B
20240130;100033;6920.000000000;1;9478406689;B
20240130;100033;6920.500000000;4;9478406690;B
20240130;100033;6919.500000000;2;9478406701;S
20240130;100035;6919.500000000;1;9478406992;B
20240130;100035;6919.500000000;10;9478406993;B
20240130;100035;6919.500000000;10;9478406994;B
20240130;100035;6919.500000000;5;9478406995;B
20240130;100035;6919.500000000;4;9478406996;B
20240130;100035;6920.000000000;2;9478406997;B
20240130;100035;6920.500000000;2;9478406998;B
20240130;100035;6920.500000000;1;9478406999;B
20240130;100035;6921.000000000;6;9478407000;B
20240130;100035;6921.500000000;6;9478407001;B
20240130;100035;6921.500000000;2;9478407002;B
20240130;100035;6922.000000000;1;9478407003;B
20240130;100035;6922.000000000;6;9478407004;B
20240130;100035;6922.000000000;7;9478407005;B
20240130;100035;6922.000000000;16;9478407006;B
20240130;100035;6922.500000000;6;9478407007;B
20240130;100035;6922.500000000;1;9478407008;B
20240130;100035;6923.000000000;6;9478407009;B
20240130;100035;6923.500000000;6;9478407010;B
20240130;100035;6924.000000000;6;9478407011;B
20240130;100035;6924.000000000;28;9478407012;B
20240130;100035;6924.000000000;11;9478407013;B
20240130;100035;6924.000000000;5;9478407015;S
20240130;100035;6924.000000000;5;9478407016;S
20240130;100035;6924.000000000;1;9478407017;S
20240130;100035;6924.000000000;4;9478407091;S
20240130;100036;6924.000000000;1;9478407186;S
20240130;100036;6924.000000000;8;9478407187;S
20240130;100036;6923.500000000;45;9478407188;S
20240130;100036;6924.000000000;1;9478407211;S
20240130;100036;6924.000000000;1;9478407223;S
20240130;100036;6924.000000000;2;9478407340;S
20240130;100037;6924.000000000;1;9478407426;S
20240130;100038;6924.500000000;6;9478407733;B
20240130;100038;6924.500000000;1;9478407734;B
20240130;100038;6925.000000000;3;9478407735;B
20240130;100038;6925.000000000;3;9478407736;B
20240130;100038;6925.000000000;1;9478407737;B
20240130;100038;6925.000000000;1;9478407741;B
20240130;100038;6925.000000000;1;9478407742;B
20240130;100039;6925.000000000;2;9478407919;B
20240130;100039;6925.000000000;3;9478407920;B
20240130;100040;6924.000000000;5;9478408048;S
20240130;100040;6924.000000000;2;9478408049;S
20240130;100040;6923.500000000;2;9478408050;S
20240130;100040;6924.500000000;1;9478408078;B
20240130;100041;6923.500000000;5;9478408244;S
20240130;100042;6924.000000000;1;9478408565;B
20240130;100044;6923.500000000;2;9478408932;B
20240130;100045;6923.500000000;6;9478409068;B
20240130;100045;6923.500000000;1;9478409107;B
20240130;100045;6923.000000000;1;9478409213;S
20240130;100045;6923.000000000;4;9478409239;S
20240130;100047;6923.500000000;1;9478409563;B
20240130;100047;6923.000000000;17;9478409642;S
20240130;100049;6923.500000000;1;9478410027;B
20240130;100050;6923.500000000;1;9478410259;B
20240130;100052;6924.000000000;1;9478410694;B
20240130;100054;6924.500000000;1;9478412136;B
20240130;100055;6924.500000000;1;9478412585;B
20240130;100055;6923.000000000;3;9478412621;S
20240130;100055;6923.000000000;2;9478412622;S
20240130;100056;6923.000000000;3;9478412755;S
20240130;100056;6924.500000000;4;9478412775;B
20240130;100056;6924.500000000;1;9478412776;B
20240130;100056;6924.500000000;26;9478412777;B
20240130;100056;6925.000000000;100;9478412778;B
20240130;100056;6925.000000000;13;9478412779;B
20240130;100057;6925.000000000;1;9478412878;B
20240130;100058;6924.500000000;4;9478413284;B
20240130;100101;6925.000000000;16;9478413995;B
20240130;100101;6925.000000000;13;9478413996;B
20240130;100101;6925.000000000;2;9478413997;B
20240130;100101;6925.000000000;1;9478413998;B
20240130;100101;6925.000000000;1;9478413999;B
20240130;100101;6925.000000000;2;9478414000;B
20240130;100103;6924.000000000;5;9478414334;S
20240130;100103;6923.500000000;1;9478414335;S
20240130;100103;6923.500000000;1;9478414375;S
20240130;100103;6923.500000000;1;9478414416;S
20240130;100103;6923.500000000;3;9478414443;S
20240130;100104;6923.500000000;3;9478414595;S
20240130;100105;6923.000000000;1;9478414879;S
20240130;100106;6923.000000000;3;9478415068;S
20240130;100106;6923.000000000;1;9478415103;S
20240130;100107;6923.500000000;8;9478415203;B
20240130;100107;6924.000000000;1;9478415204;B
20240130;100107;6924.000000000;2;9478415205;B
20240130;100107;6924.500000000;22;9478415206;B
20240130;100107;6925.000000000;1;9478415207;B
20240130;100107;6925.000000000;16;9478415208;B
20240130;100108;6923.500000000;20;9478415265;S
20240130;100108;6923.000000000;8;9478415338;S
20240130;100108;6923.000000000;2;9478415393;S
20240130;100109;6923.000000000;7;9478415533;B
20240130;100112;6922.000000000;1;9478416065;B
20240130;100112;6922.000000000;2;9478416066;B
20240130;100112;6922.000000000;1;9478416067;S
20240130;100112;6922.000000000;2;9478416076;B
20240130;100112;6922.500000000;22;9478416233;B
20240130;100112;6922.500000000;2;9478416234;B
20240130;100112;6923.000000000;1;9478416235;B
20240130;100113;6922.000000000;1;9478416293;S
20240130;100113;6922.000000000;1;9478416400;S
20240130;100116;6922.000000000;4;9478416886;B
20240130;100116;6922.000000000;2;9478416887;B
20240130;100117;6922.500000000;1;9478417334;B
20240130;100120;6922.500000000;20;9478417725;B
20240130;100120;6922.000000000;20;9478417794;S
20240130;100123;6922.000000000;1;9478418486;S
20240130;100123;6922.000000000;1;9478418555;S
20240130;100123;6922.500000000;1;9478418593;B
20240130;100123;6922.000000000;11;9478418614;S
20240130;100123;6922.000000000;4;9478418653;S
20240130;100125;6922.000000000;7;9478418892;S
20240130;100125;6922.000000000;2;9478418893;S
20240130;100125;6922.000000000;3;9478418894;S
20240130;100127;6921.500000000;2;9478419226;B
20240130;100127;6921.500000000;6;9478419227;B
20240130;100128;6921.000000000;16;9478419296;S
20240130;100128;6921.000000000;40;9478419297;S
20240130;100128;6920.500000000;200;9478419317;S
20240130;100128;6921.000000000;1;9478419331;B
20240130;100130;6921.000000000;2;9478419661;B
20240130;100130;6921.000000000;2;9478419662;B
20240130;100130;6921.500000000;1;9478419663;B
20240130;100135;6920.500000000;2;9478420546;S
20240130;100137;6921.000000000;2;9478420817;B
20240130;100137;6921.500000000;6;9478420818;B
20240130;100139;6920.000000000;8;9478421062;S
20240130;100139;6920.000000000;50;9478421063;S
20240130;100140;6917.000000000;2;9478421393;S
20240130;100141;6917.000000000;1;9478421595;S
20240130;100141;6920.000000000;7;9478421643;S
20240130;100144;6916.500000000;1;9478422233;S
20240130;100144;6915.500000000;10;9478422342;S
20240130;100145;6915.500000000;7;9478422502;S
20240130;100148;6916.000000000;1;9478422990;S
20240130;100148;6916.000000000;3;9478423002;S
20240130;100148;6915.000000000;27;9478423003;S
20240130;100152;6916.500000000;2;9478423810;B
20240130;100152;6918.000000000;9;9478423811;B
20240130;100152;6918.000000000;2;9478423812;B
20240130;100152;6919.500000000;4;9478423813;B
20240130;100153;6915.500000000;2;9478424032;S
20240130;100153;6915.500000000;2;9478424033;S
20240130;100153;6915.000000000;6;9478424034;S
20240130;100158;6916.000000000;2;9478424747;B
20240130;100204;6915.500000000;22;9478425793;B
20240130;100204;6915.500000000;5;9478425794;B
20240130;100205;6915.500000000;6;9478425941;B
20240130;100207;6915.000000000;1;9478426246;S
20240130;100210;6915.000000000;2;9478426798;S
20240130;100210;6915.000000000;7;9478426837;S
20240130;100211;6915.000000000;1;9478426933;S
20240130;100211;6915.000000000;4;9478426967;S
20240130;100211;6915.000000000;4;9478426997;S
20240130;100213;6915.500000000;9;9478427372;B
20240130;100213;6915.500000000;2;9478427373;B
20240130;100214;6915.000000000;15;9478427731;S
20240130;100215;6915.000000000;33;9478427774;S
20240130;100215;6915.000000000;2;9478427775;S
20240130;100215;6912.000000000;21;9478427776;S
20240130;100215;6911.500000000;5;9478427777;S
20240130;100215;6911.000000000;1;9478427778;S
20240130;100215;6910.500000000;46;9478427779;S
20240130;100215;6910.000000000;1;9478427780;S
20240130;100215;6910.000000000;65;9478427781;S
20240130;100215;6910.000000000;79;9478427782;S
20240130;100215;6910.000000000;1;9478427783;S
20240130;100215;6910.000000000;11;9478427784;S
20240130;100215;6909.500000000;1;9478427785;S
20240130;100215;6909.500000000;40;9478427786;S
20240130;100215;6909.000000000;20;9478427787;S
20240130;100215;6909.000000000;28;9478427788;S
20240130;100215;6908.500000000;2;9478427789;S
20240130;100215;6908.000000000;3;9478427790;S
20240130;100215;6908.000000000;5;9478427791;S
20240130;100215;6907.500000000;10;9478427792;S
20240130;100215;6907.000000000;20;9478427793;S
20240130;100215;6906.500000000;1;9478427794;S
20240130;100215;6906.500000000;10;9478427795;S
20240130;100217;6911.000000000;2;9478428177;B
20240130;100217;6911.500000000;8;9478428178;B
20240130;100220;6907.500000000;2;9478428666;S
20240130;100220;6907.000000000;4;9478428667;S
20240130;100228;6910.000000000;1;9478430006;S
20240130;100228;6907.500000000;2;9478430007;S
20240130;100228;6907.000000000;7;9478430008;S
20240130;100228;6906.500000000;1;9478430009;S
20240130;100228;6906.000000000;1;9478430010;S
20240130;100228;6906.000000000;1;9478430011;S
20240130;100228;6906.000000000;2;9478430012;S
20240130;100233;6906.500000000;28;9478430883;B
20240130;100234;6910.000000000;22;9478431067;B
20240130;100234;6910.000000000;13;9478431068;B
20240130;100238;6906.500000000;2;9478431817;S
20240130;100238;6906.000000000;3;9478431818;S
20240130;100238;6906.000000000;3;9478431819;S
20240130;100238;6905.500000000;1;9478431820;S
20240130;100238;6905.500000000;8;9478431821;S
20240130;100238;6905.500000000;2;9478431822;S
20240130;100238;6905.500000000;5;9478431823;S
20240130;100238;6905.500000000;1;9478431824;S
20240130;100238;6905.500000000;5;9478431825;S
20240130;100238;6905.500000000;4;9478431826;S
20240130;100238;6905.500000000;10;9478431827;S
20240130;100238;6905.500000000;5;9478431828;S
20240130;100238;6905.500000000;2;9478431829;S
20240130;100238;6905.500000000;20;9478431830;S
20240130;100238;6905.500000000;28;9478431831;S
20240130;100238;6905.500000000;4;9478431832;S
20240130;100238;6905.500000000;2;9478431833;S
20240130;100238;6905.500000000;11;9478431834;S
20240130;100238;6905.000000000;100;9478431835;S
20240130;100238;6905.000000000;1;9478431836;S
20240130;100238;6905.000000000;10;9478431837;S
20240130;100238;6905.000000000;40;9478431838;S
20240130;100238;6904.500000000;6;9478431839;S
20240130;100238;6904.000000000;6;9478431840;S
20240130;100238;6904.000000000;28;9478431841;S
20240130;100238;6903.500000000;10;9478431842;S
20240130;100238;6903.500000000;6;9478431843;S
20240130;100238;6903.500000000;2;9478431844;S
20240130;100238;6903.500000000;20;9478431845;S
20240130;100238;6903.000000000;3;9478431846;S
20240130;100238;6903.000000000;6;9478431847;S
20240130;100238;6903.000000000;20;9478431848;S
20240130;100238;6902.500000000;6;9478431849;S
20240130;100238;6902.000000000;6;9478431850;S
20240130;100238;6902.000000000;1;9478431851;S
20240130;100238;6902.000000000;11;9478431852;S
20240130;100238;6901.500000000;6;9478431853;S
20240130;100238;6901.500000000;2;9478431854;S
20240130;100238;6901.000000000;2;9478431855;S
20240130;100238;6901.000000000;6;9478431856;S
20240130;100238;6900.500000000;10;9478431857;S
20240130;100238;6900.500000000;6;9478431858;S
20240130;100238;6900.500000000;20;9478431859;S
20240130;100238;6900.500000000;11;9478431860;S
20240130;100238;6900.000000000;10;9478431861;S
20240130;100238;6900.000000000;30;9478431862;S
20240130;100238;6900.000000000;10;9478431863;S
20240130;100238;6900.000000000;6;9478431864;S
20240130;100238;6900.000000000;30;9478431865;S
20240130;100238;6900.000000000;6;9478431866;S
20240130;100238;6900.000000000;37;9478431867;B
20240130;100238;6900.000000000;5;9478431869;S
20240130;100238;6899.500000000;6;9478431872;S
20240130;100238;6899.500000000;10;9478431873;S
20240130;100239;6903.500000000;2;9478431895;S
20240130;100239;6903.000000000;2;9478431941;B
20240130;100239;6902.500000000;5;9478431957;S
20240130;100239;6902.500000000;1;9478431971;S
20240130;100239;6903.000000000;1;9478431986;B
20240130;100239;6902.500000000;4;9478431989;S
20240130;100239;6900.000000000;3;9478431990;S
20240130;100240;6900.000000000;1;9478432058;S
20240130;100240;6900.000000000;1;9478432126;S
20240130;100241;6900.500000000;1;9478432388;S
20240130;100241;6903.000000000;11;9478432419;B
20240130;100241;6904.000000000;20;9478432420;B
20240130;100241;6904.000000000;2;9478432421;B
20240130;100241;6905.000000000;20;9478432422;B
20240130;100241;6906.000000000;16;9478432423;S
20240130;100241;6906.000000000;1;9478432467;S
20240130;100242;6906.500000000;1;9478432623;S
20240130;100242;6906.500000000;1;9478432716;S
20240130;100248;6908.000000000;2;9478433892;B
20240130;100249;6909.500000000;1;9478434116;B
20240130;100251;6908.000000000;2;9478434548;S
20240130;100251;6906.500000000;2;9478434549;S
20240130;100251;6906.500000000;2;9478434550;S
20240130;100251;6906.000000000;24;9478434551;S
20240130;100251;6905.000000000;20;9478434552;B
20240130;100251;6901.500000000;16;9478434561;S
20240130;100251;6906.500000000;1;9478434573;B
20240130;100252;6906.500000000;2;9478434661;B
20240130;100252;6901.500000000;10;9478434678;S
20240130;100257;6906.500000000;27;9478435590;B
20240130;100301;6902.000000000;2;9478436890;S
20240130;100301;6902.000000000;1;9478436891;B
20240130;100304;6906.500000000;33;9478437676;B
20240130;100304;6906.500000000;28;9478437677;B
20240130;100304;6907.000000000;20;9478437678;B
20240130;100304;6907.000000000;2;9478437679;B
20240130;100304;6907.500000000;17;9478437680;B
20240130;100313;6909.000000000;11;9478439418;B
20240130;100313;6909.500000000;9;9478439419;B
20240130;100317;6904.000000000;1;9478439967;S
20240130;100325;6909.500000000;10;9478441298;B
20240130;100325;6909.500000000;5;9478441299;B
20240130;100327;6909.500000000;5;9478441977;B
20240130;100327;6910.000000000;1;9478441978;B
20240130;100327;6910.500000000;20;9478441979;B
20240130;100327;6911.500000000;4;9478441980;B
20240130;100328;6907.000000000;1;9478442270;S
20240130;100328;6908.000000000;2;9478442596;S
20240130;100328;6907.000000000;14;9478442597;S
20240130;100328;6908.000000000;2;9478442598;B
20240130;100408;6911.500000000;3;9478450527;B
20240130;100410;6909.500000000;10;9478450875;S
20240130;100425;6911.500000000;5;9478454013;B
20240130;100429;6909.500000000;1;9478454481;S
20240130;100429;6909.500000000;2;9478454482;S
20240130;100429;6909.500000000;4;9478454483;S
20240130;100431;6910.000000000;1;9478454920;S
20240130;100439;6911.500000000;4;9478456129;B
20240130;100441;6911.500000000;1;9478456467;B
20240130;100443;6911.500000000;7;9478456819;B
20240130;100443;6911.500000000;10;9478456820;B
20240130;100443;6911.500000000;1;9478456821;B
20240130;100443;6912.000000000;1;9478456822;B
20240130;100443;6912.000000000;50;9478456823;B
20240130;100443;6912.500000000;1;9478456842;S
20240130;100448;6913.000000000;1;9478457933;S
20240130;100453;6912.500000000;1;9478458854;S
20240130;100454;6912.000000000;1;9478459002;S
20240130;100454;6912.000000000;12;9478459003;S
20240130;100454;6911.500000000;5;9478459004;S
20240130;100456;6914.500000000;10;9478459445;B
20240130;100458;6911.000000000;1;9478459757;S
20240130;100458;6911.000000000;2;9478459758;S
20240130;100458;6911.000000000;2;9478459759;B
20240130;100501;6912.000000000;2;9478460470;S
20240130;100504;6914.500000000;1;9478461025;B
20240130;100506;6915.000000000;2;9478461367;B
20240130;100506;6915.500000000;6;9478461368;B
20240130;100506;6914.500000000;1;9478461370;S
20240130;100517;6915.500000000;2;9478463897;B
20240130;100517;6915.500000000;2;9478463898;B
20240130;100517;6915.500000000;1;9478463899;B
20240130;100518;6915.000000000;1;9478464055;S
20240130;100518;6915.000000000;1;9478464056;S
20240130;100518;6915.000000000;1;9478464356;B
20240130;100522;6915.000000000;1;9478465096;B
20240130;100522;6915.000000000;1;9478465114;B
20240130;100524;6915.000000000;1;9478465451;B
20240130;100529;6915.000000000;20;9478466332;B
20240130;100530;6915.000000000;5;9478466510;B
20240130;100535;6915.000000000;1;9478467419;B
20240130;100536;6915.000000000;18;9478467529;B
20240130;100536;6915.000000000;2;9478467530;B
20240130;100537;6915.000000000;5;9478467668;B
20240130;100537;6915.000000000;10;9478467749;B
20240130;100537;6915.500000000;9;9478467750;B
20240130;100537;6915.500000000;2;9478467751;B
20240130;100537;6915.500000000;4;9478467752;B
20240130;100541;6915.500000000;5;9478468594;B
20240130;100544;6915.500000000;5;9478469214;B
20240130;100547;6915.500000000;6;9478469817;B
20240130;100547;6915.500000000;10;9478469818;B
20240130;100547;6915.500000000;10;9478469819;B
20240130;100547;6915.500000000;10;9478469821;B
20240130;100547;6915.500000000;10;9478469822;B
20240130;100547;6915.500000000;10;9478469823;B
20240130;100547;6915.500000000;10;9478469824;B
20240130;100547;6915.500000000;10;9478469825;B
20240130;100547;6915.500000000;10;9478469826;B
20240130;100547;6915.500000000;10;9478469829;B
20240130;100547;6915.500000000;10;9478469830;B
20240130;100547;6915.500000000;10;9478469831;B
20240130;100547;6915.500000000;10;9478469833;B
20240130;100547;6915.500000000;10;9478469834;B
20240130;100547;6915.500000000;10;9478469835;B
20240130;100547;6915.500000000;10;9478469836;B
20240130;100547;6915.500000000;10;9478469837;B
20240130;100547;6915.500000000;10;9478469838;B
20240130;100547;6915.500000000;10;9478469839;B
20240130;100547;6915.500000000;10;9478469840;B
20240130;100547;6915.500000000;10;9478469841;B
20240130;100547;6915.500000000;10;9478469842;B
20240130;100547;6915.500000000;10;9478469843;B
20240130;100547;6915.500000000;10;9478469844;B
20240130;100547;6915.500000000;10;9478469845;B
20240130;100547;6915.500000000;10;9478469846;B
20240130;100547;6915.500000000;10;9478469847;B
20240130;100547;6915.500000000;10;9478469848;B
20240130;100547;6915.500000000;10;9478469849;B
20240130;100547;6915.500000000;10;9478469850;B
20240130;100547;6915.500000000;10;9478469851;B
20240130;100547;6915.500000000;10;9478469852;B
20240130;100547;6915.500000000;10;9478469853;B
20240130;100547;6915.500000000;10;9478469854;B
20240130;100547;6915.000000000;1;9478469862;S
20240130;100547;6915.500000000;5;9478469952;B
20240130;100550;6915.500000000;5;9478470415;B
20240130;100550;6915.500000000;1;9478470416;B
20240130;100551;6915.500000000;9;9478470627;B
20240130;100551;6915.500000000;11;9478470628;B
20240130;100553;6915.500000000;1;9478470965;B
20240130;100555;6915.500000000;5;9478471230;B
20240130;100557;6915.500000000;2;9478471575;B
20240130;100557;6915.500000000;5;9478471641;B
20240130;100558;6915.500000000;3;9478471767;B
20240130;100558;6915.500000000;6;9478471768;B
20240130;100559;6915.500000000;5;9478472014;B
20240130;100559;6915.500000000;6;9478472015;B
20240130;100600;6915.500000000;5;9478472364;B
20240130;100600;6915.500000000;16;9478472365;B
20240130;100600;6915.500000000;10;9478472366;B
20240130;100600;6915.500000000;11;9478472367;B
20240130;100600;6915.500000000;26;9478472368;B
20240130;100600;6915.500000000;11;9478472369;B
20240130;100600;6915.500000000;37;9478472370;B
20240130;100600;6915.500000000;10;9478472371;B
20240130;100600;6915.500000000;4;9478472372;B
20240130;100600;6915.500000000;7;9478472373;B
20240130;100600;6915.500000000;7;9478472374;B
20240130;100600;6915.500000000;7;9478472375;B
20240130;100600;6915.500000000;7;9478472377;B
20240130;100600;6915.500000000;3;9478472378;B
20240130;100600;6915.500000000;6;9478472379;B
20240130;100600;6915.500000000;9;9478472380;B
20240130;100600;6915.500000000;2;9478472381;B
20240130;100600;6915.500000000;5;9478472382;B
20240130;100600;6915.500000000;2;9478472383;B
20240130;100600;6915.500000000;2;9478472384;B
20240130;100600;6915.500000000;6;9478472385;B
20240130;100600;6915.500000000;7;9478472386;B
20240130;100600;6915.500000000;5;9478472387;B
20240130;100600;6915.500000000;8;9478472388;B
20240130;100600;6916.000000000;1;9478472389;B
20240130;100600;6916.500000000;10;9478472390;B
20240130;100600;6917.500000000;10;9478472391;B
20240130;100600;6917.500000000;10;9478472392;B
20240130;100600;6917.500000000;4;9478472393;B
20240130;100600;6917.500000000;16;9478472395;B
20240130;100600;6918.000000000;11;9478472397;B
20240130;100600;6918.500000000;10;9478472398;B
20240130;100600;6919.000000000;10;9478472400;B
20240130;100600;6919.000000000;2;9478472401;B
20240130;100601;6919.000000000;1;9478472550;B
20240130;100601;6919.000000000;15;9478472551;B
20240130;100602;6919.000000000;5;9478472629;B
20240130;100603;6918.500000000;5;9478472888;B
20240130;100604;6918.500000000;5;9478473117;B
20240130;100604;6918.500000000;5;9478473161;B
20240130;100606;6918.000000000;1;9478473626;B
20240130;100606;6918.500000000;4;9478473627;B
20240130;100607;6918.500000000;5;9478473845;B
20240130;100607;6918.000000000;20;9478473884;B
20240130;100608;6918.500000000;5;9478474032;B
20240130;100610;6918.500000000;2;9478474294;B
20240130;100610;6918.500000000;2;9478474295;B
20240130;100610;6919.500000000;1;9478474296;B
20240130;100610;6919.500000000;11;9478474297;B
20240130;100610;6919.500000000;4;9478474298;B
20240130;100616;6919.500000000;1;9478475534;B
20240130;100616;6919.500000000;1;9478475535;B
20240130;100616;6919.500000000;3;9478475592;B
20240130;100616;6919.500000000;10;9478475593;B
20240130;100618;6919.500000000;22;9478475965;S
20240130;100618;6918.500000000;1;9478475968;S
20240130;100622;6919.000000000;1;9478476572;B
20240130;100623;6919.000000000;2;9478476813;B
20240130;100623;6919.000000000;2;9478476840;B
20240130;100625;6918.500000000;3;9478477236;S
20240130;100625;6918.500000000;1;9478477237;S
20240130;100625;6918.500000000;13;9478477238;S
20240130;100629;6918.000000000;3;9478477913;S
20240130;100631;6918.000000000;1;9478478120;S
20240130;100639;6918.500000000;20;9478479516;B
20240130;100640;6918.500000000;16;9478479723;B
20240130;100643;6918.500000000;1;9478480113;B
20240130;100644;6918.500000000;7;9478480300;B
20240130;100657;6918.000000000;7;9478482971;S
20240130;100659;6918.500000000;5;9478483176;B
20240130;100703;6918.000000000;1;9478484012;S
20240130;100704;6918.000000000;4;9478484047;S
20240130;100708;6918.000000000;3;9478484815;S
20240130;100708;6918.000000000;6;9478484816;S
20240130;100709;6918.500000000;3;9478484889;B
20240130;100714;6918.500000000;7;9478485746;B
20240130;100716;6918.500000000;54;9478486110;B
20240130;100716;6918.500000000;1;9478486111;B
20240130;100716;6918.500000000;1;9478486112;B
20240130;100716;6918.500000000;9;9478486113;B
20240130;100718;6918.500000000;3;9478486329;B
20240130;100718;6918.500000000;1;9478486330;B
20240130;100718;6919.000000000;3;9478486331;B
20240130;100718;6918.000000000;1;9478486396;S
20240130;100720;6918.500000000;10;9478486690;B
20240130;100725;6918.500000000;1;9478487498;B
20240130;100728;6918.000000000;3;9478488165;S
20240130;100728;6918.000000000;2;9478488166;S
20240130;100728;6917.500000000;5;9478488167;S
20240130;100728;6917.000000000;14;9478488168;S
20240130;100728;6916.000000000;4;9478488169;S
20240130;100731;6918.000000000;2;9478488791;B
20240130;100734;6917.500000000;2;9478489215;B
20240130;100734;6917.500000000;10;9478489216;B
20240130;100734;6917.500000000;20;9478489217;B
20240130;100734;6918.000000000;10;9478489218;B
20240130;100734;6918.000000000;4;9478489219;B
20240130;100734;6918.000000000;28;9478489220;B
20240130;100737;6918.000000000;10;9478489651;S
20240130;100739;6918.500000000;1;9478489851;B
20240130;100739;6918.500000000;2;9478489852;B
20240130;100748;6918.500000000;10;9478491074;B
20240130;100748;6918.000000000;1;9478491146;S
20240130;100751;6918.000000000;5;9478491596;S
20240130;100754;6918.500000000;1;9478492007;B
20240130;100756;6918.000000000;10;9478492440;S
20240130;100757;6919.000000000;2;9478492789;B
20240130;100759;6919.000000000;10;9478493178;B
20240130;100803;6918.500000000;1;9478493776;S
20240130;100811;6919.000000000;1;9478494923;B
20240130;100813;6918.500000000;5;9478495469;S
20240130;100819;6919.000000000;1;9478496352;B
20240130;100820;6919.000000000;1;9478496426;B
20240130;100821;6919.000000000;20;9478496629;B
20240130;100822;6918.500000000;1;9478496669;S
20240130;100827;6918.500000000;9;9478497630;S
20240130;100828;6919.000000000;1;9478497941;B
20240130;100830;6919.000000000;3;9478498297;B
20240130;100832;6919.000000000;1;9478498520;B
20240130;100834;6919.000000000;5;9478498874;B
20240130;100837;6919.000000000;3;9478499213;B
20240130;100842;6919.000000000;1;9478499981;B
20240130;100842;6919.000000000;13;9478500104;B
20240130;100845;6919.000000000;5;9478500546;B
20240130;100846;6919.000000000;1;9478500809;B
20240130;100850;6918.500000000;1;9478501684;S
20240130;100851;6919.000000000;3;9478501782;B
20240130;100852;6918.500000000;3;9478501978;S
20240130;100852;6918.500000000;5;9478502004;S
20240130;100856;6918.500000000;1;9478502608;S
20240130;100857;6919.000000000;10;9478502664;B
20240130;100858;6919.000000000;39;9478502825;B
20240130;100858;6919.000000000;5;9478502826;B
20240130;100858;6919.000000000;2;9478502827;B
20240130;100858;6919.000000000;10;9478502828;B
20240130;100858;6919.000000000;1;9478502829;B
20240130;100858;6919.000000000;1;9478502830;B
20240130;100858;6919.500000000;1;9478502831;B
20240130;100858;6919.500000000;40;9478502832;B
20240130;100858;6919.500000000;11;9478502833;B
20240130;100858;6919.500000000;5;9478502834;B
20240130;100858;6919.500000000;5;9478502835;B
20240130;100858;6919.500000000;10;9478502836;B
20240130;100858;6919.500000000;5;9478502837;B
20240130;100858;6920.000000000;1013;9478502838;B
20240130;100858;6920.000000000;1;9478502839;B
20240130;100858;6920.000000000;51;9478502840;B
20240130;100858;6920.000000000;99;9478502841;B
20240130;100858;6920.000000000;1;9478502842;B
20240130;100858;6920.000000000;6;9478502843;B
20240130;100858;6920.000000000;10;9478502844;B
20240130;100858;6920.000000000;3;9478502845;B
20240130;100858;6920.000000000;10;9478502846;B
20240130;100858;6920.000000000;5;9478502847;B
20240130;100858;6920.000000000;3;9478502848;B
20240130;100858;6920.000000000;2;9478502849;B
20240130;100858;6920.000000000;1;9478502850;B
20240130;100858;6920.000000000;1;9478502851;B
20240130;100858;6920.000000000;10;9478502852;B
20240130;100858;6920.000000000;1;9478502853;B
20240130;100858;6920.500000000;6;9478502854;B
20240130;100858;6921.000000000;2;9478502855;B
20240130;100858;6921.000000000;6;9478502856;B
20240130;100858;6921.500000000;10;9478502857;B
20240130;100858;6921.500000000;6;9478502858;B
20240130;100858;6922.000000000;1;9478502866;B
20240130;100858;6922.000000000;6;9478502867;B
20240130;100858;6922.500000000;3;9478502868;B
20240130;100858;6922.500000000;3;9478502903;B
20240130;100900;6922.000000000;2;9478503212;S
20240130;100900;6921.500000000;14;9478503213;S
20240130;100900;6921.000000000;6;9478503214;S
20240130;100900;6919.500000000;22;9478503215;S
20240130;100900;6919.000000000;12;9478503216;S
20240130;100900;6919.000000000;20;9478503217;S
20240130;100900;6919.000000000;20;9478503218;S
20240130;100900;6919.000000000;1;9478503219;S
20240130;100900;6918.500000000;4;9478503220;S
20240130;100900;6918.500000000;1;9478503221;S
20240130;100900;6918.500000000;1;9478503222;S
20240130;100900;6918.000000000;18;9478503223;S
20240130;100900;6918.000000000;9;9478503224;S
20240130;100900;6917.000000000;20;9478503225;S
20240130;100900;6917.000000000;4;9478503269;B
20240130;100900;6917.000000000;50;9478503373;B
20240130;100901;6917.000000000;2;9478503511;B
20240130;100902;6917.000000000;109;9478503764;B
20240130;100904;6919.000000000;3;9478504094;B
20240130;100910;6920.500000000;10;9478504962;B
20240130;100910;6920.500000000;1;9478504963;B
20240130;100911;6921.000000000;3;9478505093;S
20240130;100914;6921.500000000;1;9478505772;B
20240130;100916;6921.000000000;1;9478506089;S
20240130;100927;6921.500000000;9;9478507822;B
20240130;100927;6921.500000000;2;9478507823;B
20240130;100928;6922.000000000;10;9478507952;B
20240130;100930;6921.500000000;3;9478508318;S
20240130;100930;6922.000000000;1;9478508344;B
20240130;100930;6922.000000000;3;9478508346;B
20240130;100931;6922.000000000;24;9478508387;B
20240130;100931;6922.000000000;10;9478508388;B
20240130;100931;6922.500000000;2;9478508389;B
20240130;100931;6922.500000000;10;9478508390;B
20240130;100931;6923.000000000;6;9478508391;B
20240130;100931;6923.000000000;10;9478508392;B
20240130;100931;6923.000000000;8;9478508393;B
20240130;100934;6923.000000000;1;9478508958;B
20240130;100936;6923.000000000;6;9478509365;B
20240130;100936;6923.500000000;6;9478509410;B
20240130;100936;6923.500000000;2;9478509411;B
20240130;100936;6923.500000000;10;9478509412;B
20240130;100936;6924.000000000;2;9478509413;B
20240130;100936;6924.000000000;6;9478509414;B
20240130;100936;6924.000000000;2;9478509415;B
20240130;100936;6924.000000000;10;9478509416;B
20240130;100936;6924.500000000;10;9478509417;B
20240130;100936;6924.500000000;2;9478509418;B
20240130;100938;6924.500000000;1;9478509821;B
20240130;100938;6924.500000000;1;9478509822;B
20240130;100938;6924.500000000;1;9478509823;B
20240130;100938;6924.500000000;5;9478509871;B
20240130;100938;6924.500000000;11;9478509872;B
20240130;100938;6924.500000000;28;9478509873;B
20240130;100938;6924.500000000;10;9478509874;B
20240130;100938;6925.000000000;1;9478509875;B
20240130;100938;6925.000000000;1;9478509876;B
20240130;100938;6925.000000000;6;9478509877;B
20240130;100938;6925.000000000;25;9478509878;B
20240130;100938;6925.000000000;2;9478509879;B
20240130;100938;6925.000000000;1;9478509880;B
20240130;100938;6925.000000000;10;9478509881;B
20240130;100938;6924.500000000;1;9478509930;B
20240130;100939;6924.500000000;2;9478509958;B
20240130;100939;6924.500000000;3;9478509962;B
20240130;100939;6924.500000000;5;9478509975;B
20240130;100939;6924.500000000;28;9478509976;B
20240130;100939;6924.500000000;10;9478509977;B
20240130;100939;6925.000000000;10;9478510045;B
20240130;100939;6925.000000000;2;9478510046;B
20240130;100942;6925.500000000;1;9478510411;B
20240130;100943;6925.500000000;4;9478510461;B
20240130;100943;6925.500000000;1;9478510541;B
20240130;100943;6925.500000000;3;9478510542;B
20240130;100943;6925.500000000;3;9478510552;B
20240130;100943;6925.500000000;4;9478510567;B
20240130;100945;6925.000000000;1;9478510837;S
20240130;100947;6925.500000000;1;9478511195;B
20240130;100947;6925.500000000;2;9478511196;B
20240130;100948;6926.000000000;6;9478511361;B
20240130;100949;6926.000000000;2;9478511632;S
20240130;100951;6926.500000000;3;9478511857;B
20240130;100951;6926.500000000;2;9478511883;B
20240130;100951;6926.500000000;1;9478511890;B
20240130;100952;6926.000000000;2;9478512000;S
20240130;100956;6926.000000000;1;9478512721;S
20240130;100956;6926.000000000;5;9478512748;S
20240130;101002;6926.000000000;1;9478513818;S
20240130;101007;6926.000000000;5;9478514570;S
20240130;101008;6926.500000000;9;9478514855;B
20240130;101009;6926.500000000;2;9478514978;B
20240130;101009;6926.500000000;2;9478514979;B
20240130;101009;6926.500000000;18;9478515067;B
20240130;101011;6926.500000000;2;9478515451;B
20240130;101014;6926.000000000;5;9478515712;S
20240130;101014;6926.500000000;2;9478515922;B
20240130;101016;6926.000000000;4;9478516272;S
20240130;101017;6926.000000000;4;9478516383;S
20240130;101020;6926.000000000;1;9478516971;S
20240130;101024;6926.000000000;4;9478517507;B
20240130;101026;6926.000000000;8;9478517850;B
20240130;101026;6926.000000000;10;9478517851;B
20240130;101026;6926.500000000;112;9478517852;B
20240130;101026;6926.500000000;2;9478517853;B
20240130;101026;6927.000000000;6;9478517854;B
20240130;101026;6927.000000000;1;9478517855;B
20240130;101026;6927.000000000;1;9478517856;B
20240130;101026;6927.000000000;1;9478517857;B
20240130;101026;6927.000000000;6;9478517858;B
20240130;101026;6927.000000000;6;9478517859;B
20240130;101026;6927.500000000;6;9478517860;B
20240130;101026;6927.500000000;10;9478517861;B
20240130;101026;6927.500000000;1;9478517862;B
20240130;101026;6928.000000000;6;9478517863;B
20240130;101026;6928.000000000;1;9478517864;B
20240130;101026;6928.500000000;6;9478517865;B
20240130;101026;6928.500000000;20;9478517866;B
20240130;101026;6929.000000000;6;9478517867;B
20240130;101026;6929.000000000;20;9478517868;B
20240130;101026;6929.500000000;6;9478517869;B
20240130;101026;6929.500000000;1;9478517870;B
20240130;101026;6929.500000000;11;9478517871;B
20240130;101026;6929.500000000;28;9478517872;B
20240130;101026;6930.000000000;6;9478517873;B
20240130;101026;6930.000000000;1;9478517874;B
20240130;101026;6930.000000000;2;9478517875;B
20240130;101026;6930.000000000;2;9478517876;B
20240130;101026;6930.000000000;1;9478517877;B
20240130;101026;6930.000000000;2;9478517878;B
20240130;101026;6930.000000000;2;9478517879;B
20240130;101026;6930.000000000;2;9478517880;B
20240130;101026;6930.000000000;1;9478517881;B
20240130;101026;6930.500000000;6;9478517882;B
20240130;101027;6929.500000000;5;9478517946;S
20240130;101027;6928.000000000;2;9478517947;S
20240130;101027;6927.500000000;14;9478517948;S
20240130;101027;6926.000000000;6;9478517949;S
20240130;101027;6926.000000000;3;9478517950;S
20240130;101027;6929.500000000;6;9478517959;B
20240130;101027;6930.000000000;1;9478517960;B
20240130;101027;6930.000000000;7;9478517972;B
20240130;101027;6926.000000000;3;9478517992;S
20240130;101027;6929.500000000;2;9478517993;B
20240130;101028;6928.500000000;8;9478518134;B
20240130;101028;6929.500000000;2;9478518135;B
20240130;101028;6930.000000000;1;9478518198;B
20240130;101031;6930.000000000;1;9478518655;B
20240130;101032;6928.500000000;1;9478518743;S
20240130;101038;6928.000000000;3;9478519521;S
20240130;101038;6928.000000000;7;9478519522;S
20240130;101038;6929.000000000;1;9478519577;B
20240130;101038;6929.500000000;2;9478519578;B
20240130;101038;6930.000000000;1;9478519579;B
20240130;101039;6930.000000000;2;9478519596;B
20240130;101039;6928.000000000;2;9478519631;S
20240130;101039;6928.000000000;1;9478519632;S
20240130;101039;6930.000000000;2;9478519713;B
20240130;101044;6928.000000000;1;9478520475;S
20240130;101046;6929.000000000;1;9478520729;B
20240130;101046;6929.500000000;1;9478520730;B
20240130;101048;6929.500000000;2;9478521304;B
20240130;101048;6930.000000000;10;9478521305;B
20240130;101048;6930.000000000;14;9478521306;B
20240130;101048;6930.000000000;1;9478521307;S
20240130;101049;6930.000000000;1;9478521462;S
20240130;101049;6930.500000000;10;9478521560;B
20240130;101049;6930.500000000;5;9478521561;B
20240130;101049;6930.500000000;10;9478521562;B
20240130;101049;6931.000000000;6;9478521563;B
20240130;101049;6931.000000000;2;9478521564;B
20240130;101049;6931.500000000;6;9478521565;B
20240130;101049;6931.500000000;3;9478521566;B
20240130;101049;6931.500000000;8;9478521567;B
20240130;101049;6931.500000000;3;9478521570;B
20240130;101050;6932.000000000;6;9478521587;B
20240130;101050;6932.000000000;1;9478521588;B
20240130;101050;6930.000000000;2;9478521646;S
20240130;101050;6929.000000000;2;9478521647;S
20240130;101050;6929.000000000;1;9478521648;S
20240130;101050;6930.000000000;1;9478521754;B
20240130;101050;6931.000000000;3;9478521755;B
20240130;101102;6929.000000000;2;9478523410;S
20240130;101103;6929.500000000;2;9478523490;B
20240130;101103;6929.500000000;1;9478523491;B
20240130;101103;6930.000000000;5;9478523585;B
20240130;101103;6930.000000000;15;9478523586;B
20240130;101105;6930.000000000;5;9478523840;B
20240130;101105;6930.500000000;12;9478523841;B
20240130;101105;6930.500000000;1;9478523842;B
20240130;101105;6930.500000000;2;9478523843;B
20240130;101105;6931.000000000;30;9478523844;B
20240130;101109;6929.500000000;1;9478524317;B
20240130;101109;6929.000000000;5;9478524320;S
20240130;101109;6929.500000000;10;9478524436;B
20240130;101112;6929.500000000;3;9478524752;B
20240130;101114;6929.500000000;1;9478525035;B
20240130;101114;6930.000000000;2;9478525036;B
20240130;101114;6930.000000000;1;9478525037;B
20240130;101114;6931.000000000;20;9478525038;B
20240130;101114;6931.000000000;1;9478525039;B
20240130;101114;6931.000000000;6;9478525040;B
20240130;101114;6931.500000000;50;9478525041;B
20240130;101114;6931.500000000;20;9478525042;B
20240130;101114;6932.000000000;28;9478525043;B
20240130;101114;6932.000000000;1;9478525044;B
20240130;101114;6932.500000000;6;9478525045;B
20240130;101114;6932.500000000;1;9478525046;B
20240130;101114;6932.500000000;20;9478525047;B
20240130;101114;6932.500000000;62;9478525048;B
20240130;101114;6932.500000000;1;9478525049;B
20240130;101114;6933.000000000;6;9478525050;B
20240130;101114;6933.000000000;7;9478525051;B
20240130;101114;6933.000000000;147;9478525052;B
20240130;101114;6931.500000000;1;9478525075;S
20240130;101117;6933.000000000;1;9478525452;B
20240130;101121;6932.500000000;2;9478526436;B
20240130;101121;6933.000000000;78;9478526437;B
20240130;101127;6931.500000000;3;9478527401;S
20240130;101127;6931.500000000;3;9478527405;S
20240130;101127;6931.500000000;3;9478527406;S
20240130;101127;6931.500000000;3;9478527408;S
20240130;101128;6933.000000000;83;9478527515;B
20240130;101129;6933.000000000;5;9478527646;B
20240130;101129;6933.000000000;18;9478527724;B
20240130;101129;6933.000000000;209;9478527744;B
20240130;101129;6933.000000000;2;9478527745;B
20240130;101129;6933.000000000;1;9478527746;B
20240130;101129;6933.000000000;1;9478527747;B
20240130;101129;6933.500000000;6;9478527748;B
20240130;101129;6933.500000000;10;9478527749;B
20240130;101129;6933.500000000;10;9478527750;B
20240130;101129;6933.500000000;11;9478527751;B
20240130;101129;6933.500000000;3;9478527752;B
20240130;101129;6934.000000000;6;9478527753;B
20240130;101129;6934.000000000;1;9478527754;B
20240130;101129;6934.500000000;6;9478527755;B
20240130;101129;6934.500000000;2;9478527756;B
20240130;101129;6934.500000000;28;9478527757;B
20240130;101129;6935.000000000;4;9478527758;B
20240130;101133;6933.500000000;2;9478528422;B
20240130;101133;6934.500000000;3;9478528423;B
20240130;101135;6933.500000000;1;9478528609;B
20240130;101139;6933.000000000;1;9478529101;S
20240130;101143;6932.000000000;13;9478529737;B
20240130;101143;6932.500000000;22;9478529738;B
20240130;101143;6932.500000000;3;9478529739;B
20240130;101143;6932.500000000;10;9478529740;B
20240130;101143;6933.000000000;19;9478529741;B
20240130;101143;6933.000000000;10;9478529742;B
20240130;101143;6933.500000000;4;9478529743;B
20240130;101143;6934.000000000;6;9478529744;B
20240130;101147;6934.000000000;1;9478530314;B
20240130;101147;6934.000000000;3;9478530315;B
20240130;101147;6934.500000000;3;9478530316;B
20240130;101147;6934.500000000;22;9478530317;B
20240130;101147;6935.000000000;2;9478530318;B
20240130;101147;6935.000000000;2;9478530319;B
20240130;101147;6935.000000000;15;9478530320;B
20240130;101147;6935.000000000;43;9478530321;B
20240130;101147;6935.000000000;25;9478530322;B
20240130;101147;6935.000000000;2;9478530323;B
20240130;101147;6935.000000000;1;9478530324;B
20240130;101147;6935.000000000;2;9478530325;B
20240130;101147;6935.000000000;1;9478530326;B
20240130;101147;6935.000000000;4;9478530327;B
20240130;101147;6935.000000000;28;9478530328;B
20240130;101147;6935.000000000;2;9478530329;B
20240130;101147;6935.500000000;6;9478530330;B
20240130;101147;6936.000000000;6;9478530331;B
20240130;101147;6936.000000000;20;9478530332;B
20240130;101147;6936.000000000;1;9478530333;B
20240130;101147;6936.000000000;11;9478530334;B
20240130;101147;6936.000000000;1;9478530335;B
20240130;101147;6936.500000000;6;9478530336;B
20240130;101147;6936.500000000;10;9478530337;B
20240130;101147;6937.000000000;1;9478530338;B
20240130;101147;6937.000000000;6;9478530339;B
20240130;101147;6937.000000000;1;9478530340;B
20240130;101147;6937.000000000;1;9478530341;B
20240130;101147;6937.000000000;20;9478530342;B
20240130;101147;6937.500000000;1;9478530343;B
20240130;101147;6937.500000000;11;9478530344;B
20240130;101147;6937.500000000;28;9478530345;B
20240130;101147;6938.000000000;6;9478530346;B
20240130;101147;6938.500000000;6;9478530347;B
20240130;101147;6938.500000000;11;9478530348;B
20240130;101147;6939.000000000;6;9478530349;B
20240130;101147;6939.000000000;1;9478530350;B
20240130;101147;6939.000000000;27;9478530351;B
20240130;101147;6939.000000000;1;9478530352;B
20240130;101147;6939.000000000;12;9478530353;B
20240130;101147;6939.000000000;1;9478530354;B
20240130;101147;6939.000000000;1;9478530355;B
20240130;101147;6939.000000000;2;9478530356;B
20240130;101147;6939.000000000;3;9478530357;B
20240130;101147;6939.500000000;2;9478530358;B
20240130;101147;6939.500000000;6;9478530359;B
20240130;101147;6939.500000000;10;9478530360;B
20240130;101147;6939.500000000;10;9478530361;B
20240130;101147;6939.500000000;1;9478530362;B
20240130;101147;6939.500000000;20;9478530363;B
20240130;101147;6940.000000000;1;9478530364;B
20240130;101147;6940.000000000;1;9478530365;B
20240130;101147;6940.000000000;2;9478530366;B
20240130;101147;6940.000000000;1;9478530367;B
20240130;101147;6940.000000000;10;9478530368;B
20240130;101147;6940.000000000;1;9478530369;B
20240130;101147;6940.000000000;1;9478530370;B
20240130;101147;6940.000000000;1;9478530371;B
20240130;101147;6940.000000000;1;9478530372;B
20240130;101147;6940.000000000;1;9478530373;B
20240130;101147;6940.000000000;1;9478530374;B
20240130;101147;6940.000000000;20;9478530375;B
20240130;101147;6940.500000000;1;9478530376;B
20240130;101147;6941.000000000;5;9478530377;B
20240130;101147;6941.000000000;30;9478530378;B
20240130;101147;6941.000000000;20;9478530379;B
20240130;101147;6941.500000000;5;9478530380;B
20240130;101147;6941.500000000;8;9478530381;B
20240130;101147;6940.500000000;1;9478530382;B
20240130;101147;6937.000000000;3;9478530389;S
20240130;101147;6936.500000000;1;9478530390;S
20240130;101148;6937.500000000;4;9478530415;B
20240130;101148;6940.500000000;3;9478530420;B
20240130;101148;6939.000000000;10;9478530425;S
20240130;101148;6939.000000000;1;9478530432;S
20240130;101148;6939.000000000;3;9478530443;S
20240130;101148;6939.000000000;5;9478530463;S
20240130;101148;6939.000000000;10;9478530507;S
20240130;101149;6940.000000000;1;9478530544;B
20240130;101149;6940.000000000;2;9478530545;B
20240130;101149;6940.000000000;4;9478530546;B
20240130;101150;6939.000000000;2;9478530697;S
20240130;101155;6940.000000000;1;9478531362;B
20240130;101155;6940.000000000;1;9478531363;B
20240130;101155;6940.000000000;1;9478531364;B
20240130;101155;6940.000000000;1;9478531365;B
20240130;101204;6939.500000000;1;9478532773;S
20240130;101204;6939.000000000;6;9478532774;S
20240130;101204;6939.000000000;1;9478532852;S
20240130;101205;6940.000000000;1;9478533039;B
20240130;101205;6940.000000000;1;9478533040;B
20240130;101209;6940.000000000;1;9478533496;B
20240130;101209;6940.000000000;3;9478533497;B
20240130;101209;6940.000000000;5;9478533498;B
20240130;101209;6940.000000000;3;9478533499;B
20240130;101212;6940.500000000;3;9478534146;S
20240130;101212;6940.500000000;18;9478534147;S
20240130;101212;6940.500000000;7;9478534148;S
20240130;101212;6940.000000000;17;9478534149;S
20240130;101213;6941.000000000;5;9478534273;B
20240130;101214;6941.000000000;5;9478534355;B
20240130;101214;6941.500000000;10;9478534356;B
20240130;101214;6941.500000000;6;9478534357;B
20240130;101214;6941.500000000;3;9478534358;B
20240130;101214;6942.000000000;5;9478534359;B
20240130;101214;6942.000000000;1;9478534360;B
20240130;101214;6940.500000000;1;9478534365;S
20240130;101215;6941.500000000;1;9478534450;B
20240130;101215;6942.500000000;5;9478534451;B
20240130;101215;6942.500000000;10;9478534452;B
20240130;101215;6942.500000000;1;9478534453;B
20240130;101215;6942.500000000;3;9478534454;B
20240130;101215;6942.500000000;4;9478534455;B
20240130;101215;6943.000000000;5;9478534456;B
20240130;101215;6943.000000000;21;9478534457;B
20240130;101218;6942.000000000;2;9478535026;B
20240130;101219;6942.000000000;4;9478535108;B
20240130;101219;6942.000000000;1;9478535109;B
20240130;101219;6943.000000000;6;9478535110;B
20240130;101219;6943.000000000;1;9478535111;B
20240130;101219;6943.000000000;1;9478535112;B
20240130;101220;6942.500000000;1;9478535362;S
20240130;101221;6942.500000000;11;9478535396;S
20240130;101221;6942.500000000;3;9478535397;S
20240130;101221;6942.500000000;18;9478535398;S
20240130;101221;6942.000000000;20;9478535399;S
20240130;101221;6941.500000000;28;9478535400;S
20240130;101221;6941.000000000;1;9478535401;S
20240130;101221;6940.500000000;22;9478535402;S
20240130;101221;6940.000000000;37;9478535403;S
20240130;101221;6942.000000000;60;9478535512;S
20240130;101221;6941.000000000;20;9478535513;S
20240130;101221;6941.000000000;3;9478535514;S
20240130;101221;6941.000000000;18;9478535515;S
20240130;101221;6940.500000000;22;9478535516;S
20240130;101223;6940.500000000;2;9478535792;B
20240130;101223;6940.500000000;2;9478535818;B
20240130;101224;6940.500000000;361;9478535855;B
20240130;101224;6941.000000000;3;9478535856;B
20240130;101224;6943.000000000;3;9478535857;B
20240130;101224;6943.000000000;5;9478535858;B
20240130;101224;6943.000000000;1;9478535859;B
20240130;101224;6943.500000000;5;9478535860;B
20240130;101224;6944.000000000;5;9478535861;B
20240130;101224;6944.000000000;1;9478535862;B
20240130;101224;6944.000000000;43;9478535863;B
20240130;101224;6944.000000000;2;9478535864;B
20240130;101224;6944.500000000;5;9478535865;B
20240130;101224;6944.500000000;14;9478535866;B
20240130;101224;6944.500000000;22;9478535867;B
20240130;101224;6945.000000000;5;9478535868;B
20240130;101224;6945.000000000;1;9478535869;B
20240130;101224;6945.000000000;2;9478535870;B
20240130;101224;6945.000000000;15;9478535871;B
20240130;101224;6945.000000000;1;9478535872;B
20240130;101224;6945.000000000;3;9478535873;B
20240130;101224;6945.000000000;9;9478535874;B
20240130;101224;6945.000000000;88;9478535875;B
20240130;101224;6942.500000000;1;9478535919;S
20240130;101224;6942.000000000;8;9478535920;S
20240130;101225;6943.500000000;6;9478536050;B
20240130;101225;6944.000000000;2;9478536051;B
20240130;101225;6944.500000000;12;9478536052;B
20240130;101229;6943.000000000;50;9478536647;S
20240130;101229;6943.000000000;30;9478536648;S
20240130;101229;6942.500000000;4;9478536649;S
20240130;101229;6942.000000000;6;9478536650;S
20240130;101229;6942.000000000;10;9478536651;S
20240130;101231;6944.000000000;5;9478536896;B
20240130;101231;6944.000000000;4;9478536897;B
20240130;101231;6944.500000000;9;9478536898;B
20240130;101231;6945.000000000;10;9478536899;B
20240130;101234;6943.000000000;1;9478537317;S
20240130;101239;6944.000000000;5;9478537915;S
20240130;101240;6944.000000000;1;9478538153;S
20240130;101241;6944.000000000;5;9478538180;B
20240130;101241;6944.000000000;2;9478538247;B
20240130;101243;6943.500000000;4;9478538542;S
20240130;101243;6943.000000000;10;9478538543;S
20240130;101243;6943.000000000;6;9478538544;S
20240130;101244;6944.000000000;1;9478538617;B
20240130;101248;6944.000000000;1;9478539183;B
20240130;101248;6944.000000000;1;9478539184;B
20240130;101248;6944.000000000;1;9478539185;B
20240130;101248;6944.000000000;28;9478539186;B
20240130;101248;6944.500000000;1;9478539187;B
20240130;101248;6944.500000000;3;9478539188;B
20240130;101258;6944.500000000;2;9478540596;B
20240130;101300;6944.500000000;26;9478540933;B
20240130;101300;6944.500000000;3;9478540934;B
20240130;101301;6945.000000000;1;9478541086;B
20240130;101301;6944.500000000;10;9478541105;S
20240130;101301;6945.000000000;1;9478541123;B
20240130;101301;6945.000000000;10;9478541124;B
20240130;101301;6945.000000000;1;9478541125;B
20240130;101301;6945.000000000;1;9478541126;B
20240130;101301;6945.000000000;1;9478541127;B
20240130;101301;6945.000000000;12;9478541128;B
20240130;101301;6945.000000000;17;9478541129;B
20240130;101301;6945.000000000;14;9478541130;B
20240130;101301;6944.500000000;4;9478541175;S
20240130;101302;6945.000000000;1;9478541245;B
20240130;101302;6945.000000000;4;9478541246;B
20240130;101302;6945.000000000;3;9478541247;B
20240130;101302;6945.000000000;2;9478541248;B
20240130;101302;6944.500000000;1;9478541264;S
20240130;101303;6944.500000000;10;9478541516;S
20240130;101303;6944.500000000;50;9478541533;S
20240130;101303;6945.000000000;2;9478541546;B
20240130;101303;6945.500000000;1;9478541547;B
20240130;101303;6945.500000000;2;9478541548;B
20240130;101303;6945.000000000;1;9478541623;S
20240130;101307;6945.000000000;2;9478542289;S
20240130;101307;6945.000000000;3;9478542290;S
20240130;101311;6945.500000000;1;9478542813;B
20240130;101311;6945.000000000;10;9478542918;S
20240130;101311;6945.000000000;5;9478542933;S
20240130;101311;6945.000000000;1;9478542993;S
20240130;101312;6945.000000000;1;9478543145;S
20240130;101315;6945.000000000;1;9478543547;S
20240130;101315;6944.500000000;349;9478543548;S
20240130;101315;6945.000000000;22;9478543639;B
20240130;101315;6945.000000000;14;9478543640;B
20240130;101315;6945.000000000;4;9478543641;B
20240130;101315;6944.500000000;5;9478543647;S
20240130;101316;6945.000000000;5;9478543753;B
20240130;101316;6945.000000000;5;9478543801;B
20240130;101318;6945.000000000;15;9478544148;B
20240130;101318;6945.000000000;1;9478544149;B
20240130;101318;6945.500000000;2;9478544150;B
20240130;101318;6945.500000000;10;9478544151;B
20240130;101318;6945.500000000;72;9478544152;B
20240130;101318;6945.500000000;20;9478544206;B
20240130;101320;6945.000000000;3;9478544377;S
20240130;101320;6945.000000000;2;9478544378;S
20240130;101322;6945.500000000;5;9478544802;B
20240130;101325;6945.500000000;3;9478545269;B
20240130;101325;6945.000000000;5;9478545439;S
20240130;101325;6945.500000000;1;9478545471;B
20240130;101328;6945.500000000;1;9478545868;S
20240130;101328;6946.000000000;5;9478545931;B
20240130;101328;6946.000000000;10;9478545932;B
20240130;101329;6945.500000000;1;9478546052;S
20240130;101330;6946.000000000;5;9478546112;B
20240130;101331;6946.000000000;5;9478546299;B
20240130;101331;6946.000000000;2;9478546300;B
20240130;101331;6946.000000000;1;9478546301;B
20240130;101331;6946.000000000;1;9478546302;B
20240130;101331;6946.500000000;1;9478546303;B
20240130;101332;6946.500000000;4;9478546357;B
20240130;101332;6946.500000000;1;9478546358;B
20240130;101332;6946.500000000;1;9478546359;B
20240130;101332;6946.500000000;4;9478546360;B
20240130;101332;6947.000000000;5;9478546361;B
20240130;101332;6947.000000000;5;9478546362;B
20240130;101332;6947.000000000;1;9478546363;B
20240130;101332;6947.000000000;2;9478546364;B
20240130;101332;6947.500000000;5;9478546365;B
20240130;101332;6947.500000000;22;9478546366;B
20240130;101332;6946.500000000;4;9478546370;S
20240130;101332;6946.000000000;14;9478546371;S
20240130;101333;6945.500000000;4;9478546591;S
20240130;101335;6945.500000000;6;9478546775;B
20240130;101335;6945.500000000;14;9478546776;B
20240130;101338;6945.000000000;5;9478547282;S
20240130;101338;6945.000000000;5;9478547283;S
20240130;101339;6945.500000000;2;9478547570;B
20240130;101340;6945.000000000;2;9478547624;S
20240130;101340;6945.000000000;5;9478547627;S
20240130;101340;6945.000000000;11;9478547628;S
20240130;101340;6945.000000000;10;9478547629;S
20240130;101340;6945.000000000;5;9478547630;S
20240130;101340;6945.000000000;13;9478547631;S
20240130;101340;6945.000000000;11;9478547632;S
20240130;101340;6944.500000000;4;9478547633;S
20240130;101340;6944.500000000;7;9478547634;S
20240130;101340;6944.500000000;4;9478547635;S
20240130;101340;6944.500000000;14;9478547636;S
20240130;101340;6944.500000000;6;9478547637;S
20240130;101341;6945.500000000;2;9478547781;B
20240130;101341;6945.500000000;4;9478547782;B
20240130;101341;6945.500000000;14;9478547783;B
20240130;101345;6944.500000000;1;9478548489;B
20240130;101348;6944.000000000;1;9478548918;B
20240130;101349;6944.000000000;4;9478549017;B
20240130;101349;6944.000000000;5;9478549021;B
20240130;101349;6943.500000000;1;9478549076;S
20240130;101350;6944.500000000;1;9478549155;B
20240130;101350;6943.500000000;5;9478549209;S
20240130;101350;6943.000000000;1;9478549210;S
20240130;101351;6943.000000000;3;9478549361;S
20240130;101352;6943.500000000;1;9478549481;B
20240130;101355;6943.500000000;1;9478549852;B
20240130;101355;6943.500000000;15;9478549886;B
20240130;101358;6943.000000000;3;9478550267;S
20240130;101359;6943.000000000;23;9478550288;S
20240130;101359;6942.500000000;4;9478550289;S
20240130;101359;6942.000000000;2;9478550290;S
20240130;101400;6941.000000000;2;9478550480;S
20240130;101400;6941.000000000;5;9478550488;S
20240130;101400;6941.500000000;2;9478550513;B
20240130;101400;6941.000000000;1;9478550557;S
20240130;101402;6941.500000000;1;9478550727;B
20240130;101405;6941.000000000;2;9478551212;S
20240130;101405;6941.000000000;1;9478551213;S
20240130;101405;6940.500000000;22;9478551214;S
20240130;101405;6940.500000000;16;9478551262;S
20240130;101406;6940.500000000;4;9478551315;S
20240130;101407;6941.000000000;1;9478551445;B
20240130;101408;6940.500000000;1;9478551640;S
20240130;101410;6940.500000000;3;9478551817;S
20240130;101412;6940.500000000;1;9478552040;S
20240130;101413;6941.000000000;1;9478552308;B
20240130;101414;6940.500000000;3;9478552311;S
20240130;101414;6940.500000000;1;9478552312;S
20240130;101414;6940.000000000;1;9478552313;S
20240130;101414;6940.000000000;1;9478552445;S
20240130;101418;6941.000000000;1;9478552825;B
20240130;101419;6940.000000000;120;9478552932;S
20240130;101422;6940.000000000;5;9478553269;S
20240130;101424;6940.000000000;7;9478553563;S
20240130;101427;6940.500000000;1;9478553988;B
20240130;101427;6940.000000000;20;9478554027;S
20240130;101427;6940.500000000;3;9478554046;B
20240130;101427;6940.500000000;3;9478554047;B
20240130;101429;6940.000000000;1;9478554281;S
20240130;101430;6940.500000000;1;9478554359;B
20240130;101430;6940.500000000;9;9478554412;B
20240130;101431;6940.000000000;5;9478554502;S
20240130;101432;6940.000000000;10;9478554623;S
20240130;101432;6940.000000000;30;9478554693;S
20240130;101432;6940.000000000;1;9478554697;S
20240130;101432;6940.000000000;3;9478554698;S
20240130;101433;6940.000000000;27;9478554775;S
20240130;101437;6940.500000000;10;9478555324;B
20240130;101437;6940.500000000;1;9478555325;B
20240130;101437;6940.500000000;7;9478555326;B
20240130;101437;6940.000000000;10;9478555391;S
20240130;101439;6940.000000000;50;9478555558;S
20240130;101443;6940.000000000;1;9478556015;S
20240130;101443;6940.000000000;65;9478556072;S
20240130;101444;6940.500000000;2;9478556190;B
20240130;101447;6940.000000000;77;9478556660;S
20240130;101447;6940.000000000;18;9478556661;S
20240130;101447;6940.000000000;2;9478556681;S
20240130;101447;6940.000000000;2;9478556682;S
20240130;101448;6940.000000000;1;9478556736;S
20240130;101448;6940.500000000;13;9478556762;B
20240130;101448;6940.500000000;1;9478556763;B
20240130;101448;6941.000000000;29;9478556764;B
20240130;101448;6941.000000000;2;9478556765;B
20240130;101448;6941.000000000;9;9478556766;B
20240130;101448;6941.000000000;50;9478556767;B
20240130;101448;6941.000000000;7;9478556768;B
20240130;101448;6941.000000000;9;9478556769;B
20240130;101450;6940.500000000;1;9478556953;B
20240130;101450;6940.500000000;4;9478557031;B
20240130;101453;6940.500000000;1;9478557311;B
20240130;101456;6940.000000000;2;9478557639;S
20240130;101456;6940.000000000;10;9478557640;S
20240130;101458;6940.000000000;12;9478557892;S
20240130;101503;6940.000000000;5;9478558719;S
20240130;101504;6940.500000000;1;9478558768;B
20240130;101504;6940.500000000;1;9478558801;B
20240130;101505;6940.000000000;73;9478559041;S
20240130;101505;6940.000000000;2;9478559042;S
20240130;101505;6940.000000000;3;9478559043;S
20240130;101505;6940.000000000;1;9478559044;S
20240130;101505;6940.000000000;7;9478559045;S
20240130;101505;6940.000000000;2;9478559046;S
20240130;101505;6940.000000000;1;9478559047;S
20240130;101505;6940.000000000;2;9478559048;S
20240130;101505;6939.500000000;1;9478559076;S
20240130;101505;6939.500000000;1;9478559080;S
20240130;101505;6939.500000000;5;9478559103;B
20240130;101506;6939.000000000;3;9478559338;S
20240130;101506;6939.000000000;50;9478559339;S
20240130;101509;6937.000000000;2;9478559820;S
20240130;101509;6936.000000000;3;9478559881;S
20240130;101509;6935.500000000;1;9478559882;S
20240130;101510;6936.000000000;1;9478560043;S
20240130;101510;6935.000000000;4;9478560044;S
20240130;101519;6938.500000000;1;9478562112;B
20240130;101519;6939.000000000;4;9478562113;B
20240130;101520;6939.000000000;25;9478562233;S
20240130;101520;6938.000000000;4;9478562234;S
20240130;101520;6937.000000000;23;9478562235;S
20240130;101520;6936.500000000;20;9478562236;S
20240130;101520;6936.000000000;1;9478562237;S
20240130;101520;6936.000000000;4;9478562238;S
20240130;101520;6935.000000000;28;9478562239;S
20240130;101520;6935.000000000;6;9478562240;S
20240130;101520;6934.500000000;11;9478562241;S
20240130;101520;6934.000000000;20;9478562242;S
20240130;101520;6933.500000000;7;9478562243;S
20240130;101520;6933.500000000;1;9478562244;S
20240130;101520;6933.500000000;100;9478562245;B
20240130;101521;6934.000000000;6;9478562374;S
20240130;101521;6938.500000000;1;9478562479;B
20240130;101525;6938.000000000;1;9478563144;B
20240130;101525;6939.000000000;6;9478563145;B
20240130;101531;6938.000000000;2;9478564286;B
20240130;101531;6938.000000000;5;9478564287;B
20240130;101534;6938.000000000;1;9478564785;B
20240130;101538;6938.000000000;1;9478565597;B
20240130;101551;6937.500000000;1;9478568251;B
20240130;101552;6937.500000000;3;9478568479;B
20240130;101552;6937.500000000;12;9478568480;B
20240130;101552;6938.000000000;15;9478568481;B
20240130;101556;6937.500000000;3;9478569291;B
20240130;101557;6935.500000000;1;9478569484;S
20240130;101557;6935.500000000;1;9478569485;S
20240130;101557;6935.500000000;2;9478569486;S
20240130;101557;6935.500000000;5;9478569564;S
20240130;101557;6935.500000000;1;9478569604;S
20240130;101557;6935.000000000;2;9478569605;S
20240130;101557;6935.000000000;1;9478569606;S
20240130;101557;6933.500000000;5;9478569913;S
20240130;101557;6935.000000000;2;9478569927;B
20240130;101610;6935.500000000;7;9478572346;S
20240130;101610;6935.000000000;3;9478572366;S
20240130;101610;6935.000000000;4;9478572367;S
20240130;101610;6936.000000000;4;9478572420;B
20240130;101610;6936.000000000;3;9478572421;B
20240130;101622;6935.000000000;13;9478575215;S
20240130;101622;6934.500000000;4;9478575216;S
20240130;101622;6933.500000000;1;9478575217;S
20240130;101623;6934.500000000;3;9478575335;B
20240130;101630;6933.000000000;2;9478576535;S
20240130;101630;6932.500000000;6;9478576536;S
20240130;101630;6932.000000000;4;9478576537;S
20240130;101630;6932.000000000;14;9478576538;S
20240130;101630;6931.500000000;10;9478576539;S
20240130;101630;6931.500000000;14;9478576540;S
20240130;101633;6934.000000000;2;9478577117;B
20240130;101633;6934.500000000;1;9478577173;B
20240130;101639;6933.500000000;17;9478578039;S
20240130;101639;6933.000000000;5;9478578045;S
20240130;101639;6933.000000000;4;9478578046;S
20240130;101639;6932.500000000;11;9478578047;S
20240130;101639;6932.500000000;5;9478578048;S
20240130;101641;6933.000000000;3;9478578422;S
20240130;101641;6933.000000000;45;9478578506;S
20240130;101641;6932.500000000;3;9478578507;S
20240130;101641;6932.500000000;12;9478578508;S
20240130;101644;6933.500000000;1;9478579269;B
20240130;101647;6934.000000000;2;9478579899;B
20240130;101649;6932.500000000;3;9478580237;S
20240130;101652;6933.500000000;3;9478581013;B
20240130;101652;6934.000000000;10;9478581014;B
20240130;101702;6934.000000000;1;9478582768;S
20240130;101706;6932.500000000;1;9478583381;S
20240130;101707;6934.000000000;3;9478583530;B
20240130;101707;6934.500000000;7;9478583531;B
20240130;101710;6934.000000000;1;9478584019;B
20240130;101710;6934.500000000;1;9478584020;B
20240130;101714;6934.500000000;7;9478584594;B
20240130;101714;6934.500000000;1;9478584595;B
20240130;101714;6935.500000000;7;9478584596;B
20240130;101715;6933.000000000;1;9478584664;S
20240130;101715;6933.000000000;15;9478584665;S
20240130;101715;6933.000000000;1;9478584666;S
20240130;101715;6933.000000000;6;9478584667;S
20240130;101715;6932.500000000;4;9478584668;S
20240130;101715;6932.500000000;5;9478584669;S
20240130;101715;6932.500000000;1;9478584670;S
20240130;101716;6932.500000000;20;9478584861;S
20240130;101716;6932.000000000;3;9478584862;S
20240130;101716;6931.500000000;1;9478584863;S
20240130;101716;6931.500000000;20;9478584864;S
20240130;101716;6931.000000000;6;9478584865;S
20240130;101718;6933.000000000;11;9478585226;S
20240130;101718;6932.500000000;2;9478585227;S
20240130;101718;6932.000000000;3;9478585228;S
20240130;101718;6932.000000000;69;9478585229;B
20240130;101723;6935.000000000;1;9478585971;B
20240130;101723;6934.000000000;2;9478585990;S
20240130;101723;6933.500000000;11;9478585991;S
20240130;101723;6933.000000000;3;9478585992;S
20240130;101723;6932.000000000;22;9478585993;S
20240130;101723;6932.000000000;38;9478585994;B
20240130;101729;6935.000000000;1;9478587060;B
20240130;101729;6935.000000000;1;9478587061;B
20240130;101731;6932.500000000;22;9478587258;S
20240130;101731;6932.500000000;6;9478587259;S
20240130;101731;6932.500000000;2;9478587260;S
20240130;101731;6932.000000000;1;9478587261;S
20240130;101731;6932.000000000;7;9478587262;S
20240130;101732;6932.500000000;1;9478587520;S
20240130;101747;6934.500000000;1;9478590319;B
20240130;101747;6935.000000000;1;9478590320;B
20240130;101749;6935.500000000;2;9478590698;B
20240130;101750;6935.500000000;6;9478591079;B
20240130;101750;6936.000000000;4;9478591080;B
20240130;101750;6936.000000000;1;9478591094;B
20240130;101757;6935.500000000;1;9478592550;B
20240130;101758;6935.500000000;2;9478592713;B
20240130;101758;6935.500000000;1;9478592714;B
20240130;101801;6935.500000000;2;9478593129;B
20240130;101803;6935.000000000;20;9478593565;B
20240130;101804;6935.500000000;1;9478593594;B
20240130;101804;6935.500000000;2;9478593595;B
20240130;101804;6935.000000000;50;9478593604;S
20240130;101804;6936.000000000;2;9478593605;B
20240130;101806;6936.000000000;20;9478594229;B
20240130;101808;6936.000000000;3;9478594550;B
20240130;101808;6936.000000000;2;9478594551;B
20240130;101812;6935.500000000;3;9478595440;S
20240130;101812;6935.000000000;2;9478595441;S
20240130;101814;6935.000000000;28;9478595829;S
20240130;101814;6935.000000000;1;9478595830;S
20240130;101814;6935.000000000;1;9478595888;B
20240130;101814;6934.500000000;3;9478595923;S
20240130;101814;6933.500000000;2;9478595924;S
20240130;101816;6934.000000000;1;9478596310;S
20240130;101816;6933.000000000;1;9478596311;S
20240130;101816;6933.000000000;3;9478596312;S
20240130;101820;6934.500000000;1;9478597071;B
20240130;101828;6934.500000000;2;9478598894;B
20240130;101830;6933.500000000;1;9478599381;S
20240130;101841;6934.500000000;1;9478601212;B
20240130;101846;6935.000000000;1;9478602164;B
20240130;101847;6935.000000000;3;9478602253;B
20240130;101851;6934.500000000;1;9478603056;B
20240130;101851;6935.000000000;9;9478603057;B
20240130;101905;6934.500000000;1;9478605489;S
20240130;101905;6934.500000000;1;9478605548;S
20240130;101907;6934.500000000;1;9478606057;S
20240130;101909;6935.000000000;12;9478606428;B
20240130;101911;6935.000000000;5;9478606699;B
20240130;101911;6935.000000000;10;9478606700;B
20240130;101915;6934.500000000;1;9478607420;S
20240130;101919;6934.500000000;4;9478608075;S
20240130;101919;6934.500000000;3;9478608076;S
20240130;101919;6934.500000000;16;9478608077;S
20240130;101919;6934.500000000;5;9478608078;S
20240130;101919;6934.000000000;1;9478608079;S
20240130;101919;6934.000000000;4;9478608080;S
20240130;101919;6934.000000000;1;9478608081;S
20240130;101919;6934.000000000;5;9478608082;S
20240130;101919;6934.000000000;1;9478608083;S
20240130;101919;6934.000000000;4;9478608084;S
20240130;101919;6933.500000000;3;9478608085;S
20240130;101919;6933.500000000;3;9478608086;S
20240130;101919;6933.500000000;1;9478608087;S
20240130;101919;6933.500000000;1;9478608088;S
20240130;101919;6933.000000000;1;9478608089;S
20240130;101919;6933.000000000;2;9478608090;S
20240130;101919;6933.000000000;14;9478608091;S
20240130;101919;6933.000000000;11;9478608092;S
20240130;101919;6932.500000000;10;9478608093;S
20240130;101919;6932.000000000;43;9478608094;S
20240130;101919;6932.000000000;1;9478608095;S
20240130;101919;6932.000000000;10;9478608096;S
20240130;101919;6931.000000000;1;9478608097;S
20240130;101919;6931.000000000;1;9478608098;S
20240130;101919;6931.000000000;22;9478608099;S
20240130;101919;6931.000000000;1;9478608100;S
20240130;101919;6930.500000000;3;9478608101;S
20240130;101919;6930.500000000;62;9478608102;S
20240130;101919;6930.500000000;20;9478608103;S
20240130;101919;6930.000000000;1;9478608104;S
20240130;101919;6930.000000000;3;9478608105;S
20240130;101919;6930.000000000;3;9478608106;S
20240130;101919;6930.000000000;70;9478608107;S
20240130;101919;6930.000000000;11;9478608108;S
20240130;101919;6930.000000000;1;9478608109;S
20240130;101919;6929.500000000;300;9478608110;S
20240130;101919;6929.500000000;2;9478608111;S
20240130;101919;6929.500000000;2;9478608112;S
20240130;101919;6929.500000000;28;9478608113;S
20240130;101919;6929.500000000;2;9478608114;S
20240130;101919;6929.000000000;8;9478608115;S
20240130;101919;6929.000000000;22;9478608116;S
20240130;101919;6929.000000000;1;9478608117;S
20240130;101919;6928.500000000;15;9478608118;S
20240130;101919;6928.000000000;10;9478608119;S
20240130;101919;6928.000000000;1;9478608120;S
20240130;101919;6928.000000000;11;9478608121;S
20240130;101919;6928.000000000;20;9478608122;S
20240130;101919;6928.000000000;1;9478608123;S
20240130;101919;6927.000000000;2;9478608124;S
20240130;101919;6927.000000000;1;9478608125;S
20240130;101919;6926.500000000;15;9478608126;S
20240130;101919;6926.500000000;5;9478608127;S
20240130;101919;6926.000000000;5;9478608128;S
20240130;101919;6926.000000000;50;9478608129;S
20240130;101919;6926.000000000;20;9478608130;S
20240130;101919;6926.000000000;1;9478608131;S
20240130;101919;6925.500000000;5;9478608132;S
20240130;101919;6925.000000000;4;9478608133;S
20240130;101919;6925.000000000;1;9478608134;S
20240130;101919;6925.000000000;2;9478608135;S
20240130;101919;6925.000000000;5;9478608136;S
20240130;101919;6925.000000000;200;9478608137;S
20240130;101919;6925.000000000;1;9478608138;S
20240130;101919;6924.500000000;5;9478608139;S
20240130;101919;6924.500000000;12;9478608140;S
20240130;101919;6928.500000000;1;9478608158;S
20240130;101921;6932.500000000;2;9478608558;B
20240130;101924;6930.500000000;1;9478609003;S
20240130;101924;6930.500000000;1;9478609004;S
20240130;101924;6930.500000000;1;9478609005;S
20240130;101926;6932.500000000;1;9478609248;B
20240130;101929;6931.000000000;2;9478609590;S
20240130;101930;6931.000000000;1;9478609679;S
20240130;101931;6932.500000000;1;9478609821;B
20240130;101931;6932.500000000;2;9478609822;B
20240130;101931;6933.500000000;3;9478609823;B
20240130;101931;6934.000000000;1;9478609824;B
20240130;101931;6934.000000000;1;9478609825;B
20240130;101931;6934.000000000;2;9478609826;B
20240130;101940;6934.500000000;1;9478611281;B
20240130;101944;6933.500000000;10;9478612025;S
20240130;101944;6933.500000000;8;9478612026;S
20240130;101947;6933.500000000;1;9478612585;S
20240130;101953;6934.500000000;3;9478614144;B
20240130;101954;6933.500000000;4;9478614328;S
20240130;101954;6933.500000000;10;9478614329;S
20240130;101954;6933.500000000;1;9478614330;S
20240130;101955;6933.500000000;3;9478614598;S
20240130;101955;6933.500000000;10;9478614599;S
20240130;101955;6933.500000000;2;9478614600;S
20240130;101956;6933.500000000;2;9478614777;S
20240130;101956;6933.500000000;10;9478614778;S
20240130;101956;6933.000000000;3;9478614779;S
20240130;102004;6933.500000000;1;9478616269;B
20240130;102007;6934.000000000;12;9478616918;B
20240130;102007;6934.000000000;3;9478616919;B
20240130;102007;6934.000000000;1;9478616920;B
20240130;102007;6934.500000000;1;9478616921;B
20240130;102014;6934.000000000;3;9478619625;S
20240130;102014;6934.000000000;10;9478619626;S
20240130;102014;6934.000000000;6;9478619627;S
20240130;102014;6934.000000000;4;9478619628;S
20240130;102014;6933.500000000;2;9478619629;S
20240130;102019;6935.000000000;33;9478621408;B
20240130;102019;6935.000000000;1;9478621409;B
20240130;102019;6935.000000000;1;9478621410;B
20240130;102019;6935.000000000;20;9478621411;B
20240130;102019;6935.500000000;15;9478621412;B
20240130;102021;6935.000000000;3;9478622825;S
20240130;102025;6935.500000000;10;9478624417;B
20240130;102037;6936.000000000;8;9478630162;B
20240130;102037;6936.000000000;3;9478630163;B
20240130;102037;6936.000000000;1;9478630164;B
20240130;102037;6936.000000000;2;9478630165;B
20240130;102037;6936.000000000;5;9478630166;B
20240130;102037;6936.500000000;35;9478630167;B
20240130;102037;6936.500000000;20;9478630168;B
20240130;102038;6937.000000000;10;9478630230;B
20240130;102038;6936.500000000;2;9478630405;S
20240130;102039;6937.000000000;15;9478630468;B
20240130;102039;6937.000000000;1;9478630469;B
20240130;102041;6936.500000000;1;9478631637;S
20240130;102045;6937.500000000;1;9478632820;B
20240130;102045;6937.500000000;4;9478632821;B
20240130;102052;6936.000000000;2;9478636047;S
20240130;102053;6936.000000000;10;9478636435;B
20240130;102053;6936.000000000;6;9478636436;B
20240130;102053;6936.500000000;16;9478636437;B
20240130;102053;6937.000000000;6;9478636438;B
20240130;102053;6937.000000000;3;9478636439;B
20240130;102053;6937.500000000;21;9478636440;B
20240130;102053;6937.500000000;5;9478636441;B
20240130;102053;6937.500000000;5;9478636442;B
20240130;102053;6937.500000000;1;9478636443;B
20240130;102053;6938.000000000;77;9478636444;B
20240130;102057;6937.500000000;13;9478638660;B
20240130;102057;6938.000000000;365;9478638661;B
20240130;102057;6938.000000000;1;9478638662;B
20240130;102057;6938.000000000;3;9478638663;B
20240130;102057;6939.000000000;3;9478638681;B
20240130;102057;6938.500000000;22;9478638693;S
20240130;102057;6938.000000000;7;9478638694;S
20240130;102059;6938.500000000;1;9478639154;S
20240130;102108;6938.500000000;9;9478641582;S
20240130;102111;6938.500000000;1;9478642981;S
20240130;102116;6940.000000000;9;9478644892;B
20240130;102116;6940.000000000;1;9478644893;B
20240130;102116;6940.000000000;1;9478644894;B
20240130;102116;6940.000000000;1;9478644895;B
20240130;102116;6940.000000000;2;9478644896;B
20240130;102116;6940.000000000;4;9478644897;B
20240130;102116;6940.000000000;1;9478644898;B
20240130;102116;6940.000000000;20;9478644899;B
20240130;102116;6940.000000000;1;9478644900;B
20240130;102116;6939.000000000;1;9478645013;S
20240130;102116;6939.000000000;1;9478645014;S
20240130;102122;6940.000000000;1;9478646539;B
20240130;102126;6940.000000000;19;9478647341;B
20240130;102126;6940.000000000;18;9478647342;B
20240130;102126;6940.000000000;1;9478647343;B
20240130;102127;6939.000000000;1;9478648146;S
20240130;102130;6939.000000000;1;9478649450;S
20240130;102130;6940.000000000;2;9478649624;B
20240130;102134;6939.500000000;10;9478650512;S
20240130;102139;6940.000000000;1;9478652257;B
20240130;102141;6940.000000000;1;9478652693;B
20240130;102146;6939.500000000;8;9478653491;S
20240130;102146;6939.500000000;2;9478653492;S
20240130;102152;6939.500000000;1;9478655906;S
20240130;102201;6939.500000000;1;9478658630;B
20240130;102203;6940.000000000;10;9478659001;B
20240130;102212;6939.000000000;1;9478662184;S
20240130;102214;6939.000000000;1;9478663104;S
20240130;102215;6940.000000000;1;9478663727;B
20240130;102220;6939.000000000;2;9478664777;B
20240130;102220;6938.500000000;2;9478665063;S
20240130;102220;6938.500000000;2;9478665064;S
20240130;102220;6938.000000000;4;9478665065;S
20240130;102220;6937.500000000;2;9478665066;S
20240130;102220;6937.500000000;2;9478665067;S
20240130;102220;6937.500000000;1;9478665068;S
20240130;102220;6937.000000000;3;9478665069;S
20240130;102220;6937.000000000;2;9478665070;S
20240130;102220;6936.500000000;2;9478665071;S
20240130;102220;6937.000000000;6;9478665080;S
20240130;102228;6938.500000000;8;9478667926;S
20240130;102228;6938.500000000;10;9478667927;S
20240130;102228;6938.000000000;7;9478667928;S
20240130;102228;6938.000000000;10;9478667929;S
20240130;102232;6938.000000000;1;9478669113;B
20240130;102242;6938.000000000;8;9478672435;B
20240130;102247;6938.000000000;1;9478674023;B
20240130;102248;6938.000000000;3;9478674437;B
20240130;102251;6938.000000000;1;9478675034;B
20240130;102252;6937.500000000;2;9478675208;S
20240130;102253;6937.500000000;2;9478675223;S
20240130;102255;6938.000000000;1;9478675809;B
20240130;102255;6938.500000000;1;9478675844;B
20240130;102259;6939.000000000;3;9478677293;B
20240130;102301;6938.500000000;1;9478678083;S
20240130;102303;6938.500000000;1;9478678524;S
20240130;102304;6939.000000000;5;9478678639;B
20240130;102304;6939.000000000;1;9478678640;B
20240130;102304;6939.000000000;1;9478678641;B
20240130;102304;6939.000000000;1;9478678642;B
20240130;102304;6939.000000000;1;9478678643;B
20240130;102304;6939.000000000;1;9478678644;B
20240130;102304;6939.000000000;2;9478678698;B
20240130;102307;6939.000000000;1;9478679680;B
20240130;102316;6939.000000000;8;9478682567;B
20240130;102316;6939.000000000;3;9478682679;B
20240130;102317;6938.500000000;2;9478683148;S
20240130;102319;6938.500000000;2;9478684097;S
20240130;102319;6938.500000000;9;9478684100;S
20240130;102324;6939.000000000;7;9478684839;B
20240130;102324;6939.000000000;3;9478685325;B
20240130;102325;6939.000000000;5;9478685999;B
20240130;102327;6939.000000000;4;9478686458;B
20240130;102330;6939.000000000;1;9478686881;B
20240130;102330;6939.000000000;4;9478686882;B
20240130;102330;6939.500000000;25;9478686914;B
20240130;102330;6939.500000000;1;9478686915;B
20240130;102330;6940.000000000;7;9478686916;B
20240130;102330;6940.000000000;30;9478686917;B
20240130;102330;6940.000000000;1;9478686918;B
20240130;102330;6940.000000000;1;9478686919;B
20240130;102330;6940.000000000;1;9478686920;B
20240130;102330;6940.000000000;8;9478686921;B
20240130;102331;6940.000000000;2;9478687369;B
20240130;102331;6939.000000000;5;9478687412;S
20240130;102331;6939.000000000;5;9478687413;S
20240130;102334;6939.000000000;5;9478688922;S
20240130;102334;6939.000000000;4;9478688923;S
20240130;102334;6939.000000000;2;9478688924;S
20240130;102342;6938.500000000;3;9478690973;S
20240130;102351;6939.000000000;3;9478694389;B
20240130;102353;6938.500000000;4;9478694635;S
20240130;102353;6938.500000000;6;9478694636;S
20240130;102401;6939.000000000;10;9478696967;B
20240130;102404;6939.000000000;1;9478698494;B
20240130;102406;6939.000000000;5;9478698906;B
20240130;102406;6938.500000000;7;9478698967;S
20240130;102406;6938.500000000;1;9478699005;S
20240130;102407;6939.000000000;1;9478699113;B
20240130;102409;6939.500000000;1;9478699747;B
20240130;102411;6939.500000000;1;9478700302;B
20240130;102412;6940.000000000;7;9478700531;B
20240130;102412;6940.000000000;10;9478700532;B
20240130;102412;6940.000000000;5;9478700533;B
20240130;102415;6940.000000000;1;9478701582;B
20240130;102423;6940.000000000;1;9478703851;B
20240130;102424;6940.000000000;10;9478703938;B
20240130;102428;6940.000000000;4;9478705036;B
20240130;102429;6940.000000000;1;9478705650;B
20240130;102432;6940.000000000;3;9478706623;B
20240130;102432;6940.000000000;50;9478706643;B
20240130;102432;6940.000000000;3;9478706644;B
20240130;102434;6940.000000000;5;9478707324;B
20240130;102434;6940.000000000;2;9478707354;B
20240130;102435;6939.500000000;4;9478707443;S
20240130;102435;6939.500000000;10;9478707444;S
20240130;102435;6939.000000000;7;9478707445;S
20240130;102435;6939.000000000;4;9478707446;S
20240130;102435;6939.000000000;1;9478707447;S
20240130;102435;6939.000000000;1;9478707448;S
20240130;102435;6939.000000000;10;9478707449;S
20240130;102435;6939.000000000;1;9478707450;S
20240130;102435;6938.500000000;22;9478707451;S
20240130;102435;6938.500000000;10;9478707452;S
20240130;102443;6940.000000000;3;9478709400;B
20240130;102457;6939.500000000;1;9478712875;B
20240130;102457;6940.000000000;3;9478712876;B
20240130;102459;6938.500000000;1;9478714181;S
20240130;102505;6940.000000000;4;9478716333;B
20240130;102505;6940.000000000;2;9478716334;B
20240130;102510;6940.000000000;2;9478718335;B
20240130;102523;6940.000000000;1;9478722092;B
20240130;102543;6939.000000000;1;9478727531;S
20240130;102545;6939.000000000;1;9478728299;S
20240130;102548;6939.000000000;1;9478729943;S
20240130;102551;6939.000000000;2;9478731028;S
20240130;102551;6939.500000000;4;9478731043;B
20240130;102551;6939.500000000;2;9478731044;B
20240130;102551;6939.500000000;4;9478731045;B
20240130;102552;6939.000000000;6;9478731146;S
20240130;102552;6939.000000000;10;9478731147;S
20240130;102552;6939.000000000;4;9478731148;S
20240130;102552;6939.000000000;1;9478731149;S
20240130;102552;6939.000000000;1;9478731150;S
20240130;102552;6939.000000000;5;9478731151;S
20240130;102552;6938.500000000;3;9478731152;S
20240130;102554;6938.500000000;1;9478731517;S
20240130;102554;6938.500000000;1;9478731518;S
20240130;102559;6938.500000000;1;9478733003;S
20240130;102559;6938.500000000;2;9478733004;S
20240130;102559;6938.500000000;1;9478733005;S
20240130;102600;6939.000000000;1;9478733126;B
20240130;102601;6938.500000000;1;9478733265;S
20240130;102601;6938.500000000;9;9478733289;S
20240130;102601;6938.000000000;21;9478733290;S
20240130;102601;6938.000000000;4;9478733291;S
20240130;102601;6938.500000000;2;9478733292;B
20240130;102601;6938.500000000;9;9478733293;B
20240130;102601;6938.000000000;4;9478733294;S
20240130;102604;6938.500000000;5;9478734471;B
20240130;102606;6938.000000000;4;9478734985;S
20240130;102613;6939.000000000;1;9478735957;B
20240130;102616;6938.000000000;1;9478736353;S
20240130;102617;6938.500000000;5;9478736539;B
20240130;102619;6938.000000000;1;9478736832;S
20240130;102622;6938.500000000;8;9478737113;B
20240130;102622;6938.000000000;14;9478737188;S
20240130;102625;6938.500000000;1;9478737477;B
20240130;102626;6938.500000000;1;9478737754;B
20240130;102629;6938.500000000;5;9478738151;B
20240130;102630;6938.000000000;1;9478738252;S
20240130;102630;6938.000000000;1;9478738254;S
20240130;102637;6938.000000000;1;9478739260;S
20240130;102640;6938.500000000;10;9478739539;B
20240130;102642;6938.500000000;10;9478739758;B
20240130;102646;6938.000000000;2;9478740178;S
20240130;102655;6938.000000000;1;9478741786;S
20240130;102655;6938.000000000;1;9478741787;S
20240130;102655;6938.000000000;3;9478741788;S
20240130;102657;6938.000000000;23;9478742022;B
20240130;102704;6938.000000000;5;9478743179;B
20240130;102705;6937.500000000;1;9478743373;S
20240130;102705;6937.500000000;1;9478743374;S
20240130;102705;6937.500000000;12;9478743375;S
20240130;102712;6938.000000000;4;9478744182;B
20240130;102715;6937.500000000;4;9478744612;S
20240130;102715;6938.000000000;3;9478744615;B
20240130;102716;6938.000000000;1;9478744748;B
20240130;102717;6937.500000000;3;9478745059;S
20240130;102721;6937.500000000;1;9478745528;S
20240130;102723;6937.500000000;5;9478745648;B
20240130;102723;6937.500000000;1;9478745755;B
20240130;102727;6937.000000000;2;9478746102;S
20240130;102727;6937.000000000;4;9478746103;S
20240130;102727;6937.000000000;22;9478746104;S
20240130;102729;6936.500000000;11;9478746469;S
20240130;102732;6936.000000000;3;9478746795;S
20240130;102732;6935.500000000;2;9478746796;S
20240130;102732;6935.500000000;2;9478746797;S
20240130;102732;6935.000000000;1;9478746798;S
20240130;102732;6935.000000000;17;9478746799;S
20240130;102732;6935.000000000;14;9478746822;S
20240130;102732;6935.000000000;22;9478746823;S
20240130;102732;6934.000000000;3;9478746824;S
20240130;102732;6934.000000000;4;9478746825;S
20240130;102732;6934.000000000;7;9478746826;S
20240130;102732;6934.000000000;2;9478746827;S
20240130;102732;6933.500000000;5;9478746828;S
20240130;102732;6933.500000000;11;9478746829;S
20240130;102732;6933.500000000;20;9478746830;S
20240130;102732;6933.500000000;28;9478746831;S
20240130;102732;6933.000000000;250;9478746832;S
20240130;102732;6933.000000000;2;9478746833;S
20240130;102732;6933.000000000;1;9478746834;S
20240130;102732;6932.500000000;20;9478746835;S
20240130;102732;6932.500000000;12;9478746836;S
20240130;102732;6931.500000000;11;9478746837;S
20240130;102732;6931.000000000;20;9478746838;S
20240130;102732;6930.500000000;1;9478746839;S
20240130;102732;6930.500000000;40;9478746840;S
20240130;102732;6930.000000000;1;9478746841;S
20240130;102732;6930.000000000;20;9478746842;S
20240130;102732;6929.500000000;1;9478746843;S
20240130;102732;6929.000000000;1;9478746844;S
20240130;102732;6929.000000000;4;9478746845;S
20240130;102732;6930.500000000;10;9478746863;S
20240130;102732;6930.000000000;5;9478746864;S
20240130;102733;6930.500000000;10;9478746895;S
20240130;102733;6930.000000000;23;9478746896;S
20240130;102733;6930.000000000;10;9478746897;S
20240130;102733;6930.000000000;2;9478746898;S
20240130;102733;6930.000000000;2;9478746899;S
20240130;102733;6929.500000000;11;9478746900;S
20240130;102733;6929.500000000;3;9478746901;S
20240130;102733;6929.500000000;10;9478746902;S
20240130;102733;6929.000000000;10;9478746903;S
20240130;102733;6929.000000000;20;9478746904;S
20240130;102733;6928.500000000;1;9478746905;S
20240130;102733;6928.500000000;3;9478746906;S
20240130;102733;6928.500000000;10;9478746907;S
20240130;102733;6928.000000000;5;9478746908;S
20240130;102733;6928.000000000;1;9478746909;S
20240130;102733;6928.000000000;37;9478746910;S
20240130;102733;6928.000000000;7;9478746911;S
20240130;102733;6928.000000000;10;9478746912;S
20240130;102733;6928.000000000;20;9478746913;S
20240130;102733;6927.500000000;1;9478746914;S
20240130;102733;6927.500000000;10;9478746915;S
20240130;102733;6927.000000000;1;9478746916;S
20240130;102733;6927.000000000;11;9478746917;S
20240130;102733;6927.000000000;40;9478746918;S
20240130;102733;6926.500000000;1;9478746919;S
20240130;102733;6926.000000000;1;9478746920;S
20240130;102733;6926.000000000;2;9478746921;S
20240130;102733;6926.000000000;20;9478746922;S
20240130;102733;6925.500000000;1;9478746923;S
20240130;102733;6925.500000000;20;9478746924;S
20240130;102733;6925.000000000;1;9478746925;S
20240130;102733;6925.000000000;3;9478746926;S
20240130;102733;6925.000000000;250;9478746927;S
20240130;102733;6924.500000000;1;9478746928;S
20240130;102733;6924.500000000;11;9478746929;S
20240130;102733;6924.500000000;40;9478746930;S
20240130;102733;6924.000000000;5;9478746931;S
20240130;102733;6924.000000000;20;9478746932;S
20240130;102733;6924.000000000;1;9478746933;S
20240130;102733;6924.000000000;20;9478746934;S
20240130;102733;6923.500000000;5;9478746935;S
20240130;102733;6923.500000000;142;9478746936;S
20240130;102733;6923.000000000;17;9478746937;S
20240130;102733;6923.000000000;70;9478746938;S
20240130;102733;6923.000000000;2;9478746939;S
20240130;102733;6923.000000000;5;9478746940;S
20240130;102733;6923.000000000;104;9478746941;S
20240130;102733;6929.000000000;2;9478746943;S
20240130;102735;6930.000000000;2;9478747215;B
20240130;102735;6930.500000000;68;9478747216;B
20240130;102752;6932.500000000;2;9478749171;S
20240130;102752;6932.500000000;19;9478749172;S
20240130;102753;6933.000000000;1;9478749242;S
20240130;102756;6934.000000000;1;9478749545;B
20240130;102800;6933.000000000;1;9478749928;S
20240130;102808;6934.000000000;5;9478751365;B
20240130;102824;6934.500000000;2;9478753211;B
20240130;102824;6934.500000000;1;9478753212;B
20240130;102824;6934.500000000;1;9478753226;B
20240130;102836;6934.500000000;1;9478754968;B
20240130;102837;6933.500000000;3;9478755100;S
20240130;102837;6933.500000000;1;9478755101;S
20240130;102841;6933.000000000;3;9478755690;S
20240130;102841;6933.000000000;1;9478755691;S
20240130;102841;6932.500000000;1;9478755692;S
20240130;102841;6932.500000000;2;9478755693;S
20240130;102841;6932.500000000;1;9478755694;S
20240130;102841;6932.500000000;4;9478755695;S
20240130;102841;6932.000000000;1;9478755696;S
20240130;102841;6932.000000000;3;9478755697;S
20240130;102844;6934.000000000;1;9478756068;B
20240130;102846;6932.500000000;10;9478756327;S
20240130;102855;6932.500000000;10;9478757203;S
20240130;102855;6932.500000000;10;9478757204;S
20240130;102855;6932.000000000;16;9478757205;S
20240130;102855;6932.000000000;28;9478757206;S
20240130;102855;6932.000000000;10;9478757207;S
20240130;102855;6931.000000000;20;9478757208;S
20240130;102855;6930.500000000;10;9478757209;S
20240130;102855;6930.000000000;40;9478757210;S
20240130;102855;6930.000000000;20;9478757211;S
20240130;102855;6930.000000000;10;9478757212;S
20240130;102855;6927.000000000;2;9478757213;S
20240130;102855;6926.500000000;1;9478757214;S
20240130;102855;6926.000000000;10;9478757215;S
20240130;102855;6926.000000000;20;9478757216;S
20240130;102855;6925.500000000;8;9478757217;S
20240130;102855;6925.500000000;11;9478757218;S
20240130;102855;6925.000000000;20;9478757219;S
20240130;102855;6924.500000000;10;9478757220;S
20240130;102855;6924.000000000;1;9478757221;S
20240130;102855;6924.000000000;20;9478757222;S
20240130;102855;6924.000000000;40;9478757223;S
20240130;102855;6923.500000000;4;9478757224;S
20240130;102855;6923.500000000;20;9478757225;S
20240130;102855;6923.000000000;39;9478757226;S
20240130;102855;6923.000000000;1;9478757227;S
20240130;102855;6923.000000000;1;9478757228;S
20240130;102855;6923.000000000;10;9478757229;S
20240130;102855;6922.500000000;5;9478757230;S
20240130;102855;6922.500000000;11;9478757231;S
20240130;102855;6922.000000000;5;9478757232;S
20240130;102855;6922.000000000;87;9478757233;S
20240130;102856;6931.000000000;16;9478757508;B
20240130;102859;6931.000000000;1;9478757739;B
20240130;102859;6931.000000000;2;9478757759;B
20240130;102907;6930.000000000;3;9478758584;S
20240130;102908;6929.500000000;1;9478758669;S
20240130;102908;6929.500000000;1;9478758670;S
20240130;102910;6927.500000000;1;9478758837;S
20240130;102914;6929.500000000;2;9478759216;B
20240130;102914;6929.500000000;6;9478759217;B
20240130;102915;6927.500000000;2;9478759371;S
20240130;102918;6927.500000000;25;9478759677;S
20240130;102918;6927.500000000;4;9478759678;S
20240130;102918;6927.000000000;2;9478759679;S
20240130;102918;6926.500000000;10;9478759680;S
20240130;102918;6925.500000000;20;9478759681;S
20240130;102918;6925.500000000;10;9478759682;S
20240130;102918;6924.500000000;9;9478759683;S
20240130;102923;6926.500000000;1;9478760236;S
20240130;102933;6928.500000000;1;9478761554;B
20240130;102933;6929.000000000;2;9478761555;B
20240130;102933;6929.000000000;1;9478761556;B
20240130;102933;6929.500000000;1;9478761557;B
20240130;102941;6926.500000000;3;9478762356;S
20240130;102941;6926.500000000;2;9478762357;S
20240130;102941;6926.500000000;3;9478762358;S
20240130;102941;6926.500000000;1;9478762359;S
20240130;102941;6926.500000000;1;9478762360;S
20240130;102941;6926.000000000;32;9478762361;S
20240130;102941;6926.000000000;2;9478762362;S
20240130;102941;6926.000000000;1;9478762363;S
20240130;102941;6926.000000000;1;9478762364;S
20240130;102941;6925.000000000;35;9478762365;S
20240130;102941;6925.000000000;10;9478762366;S
20240130;102941;6924.500000000;20;9478762367;S
20240130;102941;6923.500000000;28;9478762368;S
20240130;102941;6923.500000000;11;9478762369;S
20240130;102941;6923.500000000;20;9478762370;S
20240130;102941;6922.500000000;1;9478762371;S
20240130;102941;6922.500000000;22;9478762372;S
20240130;102941;6922.000000000;55;9478762373;S
20240130;102941;6922.000000000;142;9478762374;S
20240130;102941;6922.000000000;30;9478762375;S
20240130;102941;6922.000000000;1;9478762376;S
20240130;102941;6922.000000000;2;9478762377;S
20240130;102941;6922.000000000;1;9478762378;S
20240130;102941;6922.000000000;5;9478762379;S
20240130;102941;6922.000000000;10;9478762380;S
20240130;102941;6922.000000000;5;9478762381;S
20240130;102941;6921.500000000;6;9478762382;S
20240130;102941;6921.500000000;5;9478762383;S
20240130;102941;6921.500000000;143;9478762384;S
20240130;102941;6921.500000000;102;9478762385;S
20240130;102941;6922.000000000;3;9478762429;S
20240130;102941;6922.000000000;28;9478762430;S
20240130;102941;6922.000000000;2;9478762431;S
20240130;102941;6922.000000000;20;9478762432;S
20240130;102941;6921.500000000;41;9478762433;S
20240130;102941;6921.000000000;3;9478762434;S
20240130;102941;6921.000000000;5;9478762435;S
20240130;102941;6921.000000000;1;9478762436;S
20240130;102941;6921.000000000;1;9478762437;S
20240130;102941;6921.000000000;1;9478762438;S
20240130;102941;6921.000000000;10;9478762439;S
20240130;102941;6920.500000000;5;9478762440;S
20240130;102941;6920.500000000;3;9478762441;S
20240130;102941;6920.500000000;11;9478762442;S
20240130;102941;6920.000000000;5;9478762443;S
20240130;102941;6920.000000000;1;9478762444;S
20240130;102941;6920.000000000;5;9478762445;S
20240130;102941;6919.000000000;1;9478762446;S
20240130;102941;6919.000000000;4;9478762447;S
20240130;102941;6918.500000000;6;9478762448;S
20240130;102941;6918.000000000;6;9478762449;S
20240130;102941;6918.000000000;1;9478762450;S
20240130;102941;6917.500000000;6;9478762451;S
20240130;102941;6917.500000000;32;9478762452;S
20240130;102941;6917.500000000;20;9478762453;S
20240130;102941;6917.000000000;6;9478762454;S
20240130;102941;6917.000000000;1;9478762455;S
20240130;102941;6917.000000000;11;9478762456;S
20240130;102941;6916.500000000;6;9478762457;S
20240130;102941;6916.000000000;6;9478762458;S
20240130;102941;6916.000000000;1;9478762459;S
20240130;102941;6916.000000000;10;9478762460;S
20240130;102941;6915.500000000;6;9478762461;S
20240130;102941;6915.500000000;20;9478762462;S
20240130;102941;6915.500000000;40;9478762463;S
20240130;102941;6915.500000000;11;9478762464;S
20240130;102941;6915.500000000;11;9478762465;S
20240130;102941;6915.000000000;24;9478762466;S
20240130;102941;6915.000000000;2;9478762467;S
20240130;102941;6915.000000000;3;9478762468;S
20240130;102941;6915.000000000;2;9478762469;S
20240130;102941;6915.000000000;1;9478762470;S
20240130;102941;6915.000000000;6;9478762471;S
20240130;102941;6915.000000000;1;9478762472;S
20240130;102941;6915.000000000;290;9478762473;S
20240130;102941;6915.000000000;1;9478762474;S
20240130;102941;6915.000000000;35;9478762475;S
20240130;102941;6914.500000000;15;9478762476;S
20240130;102941;6914.500000000;6;9478762477;S
