<DATE>;<TIME>;<LAST>;<VOL>;<ID>;<OPER>
20240201;095940;7063.000000000;1;9500979438;S
20240201;095940;7063.000000000;1;9500979439;S
20240201;095940;7063.000000000;1;9500979440;B
20240201;095940;7063.000000000;28;9500979441;B
20240201;095940;7063.000000000;1;9500979442;B
20240201;095940;7063.000000000;1;9500979443;B
20240201;095940;7063.000000000;2;9500979444;B
20240201;095940;7063.000000000;10;9500979445;B
20240201;095940;7063.000000000;1;9500979446;B
20240201;095940;7063.000000000;5;9500979447;S
20240201;095940;7063.000000000;5;9500979448;S
20240201;095940;7063.000000000;5;9500979449;S
20240201;095940;7063.000000000;5;9500979450;S
20240201;095940;7063.000000000;5;9500979451;S
20240201;095940;7063.000000000;5;9500979452;S
20240201;095940;7063.000000000;5;9500979453;S
20240201;095940;7063.000000000;5;9500979454;S
20240201;095940;7063.000000000;5;9500979455;S
20240201;095940;7063.000000000;5;9500979456;S
20240201;095940;7063.000000000;5;9500979457;S
20240201;095940;7063.000000000;5;9500979458;S
20240201;095940;7063.000000000;5;9500979459;S
20240201;095940;7063.000000000;4;9500979460;S
20240201;095940;7063.000000000;1;9500979461;S
20240201;095940;7063.000000000;5;9500979462;S
20240201;095940;7063.000000000;2;9500979463;S
20240201;095940;7063.000000000;1;9500979464;B
20240201;095940;7063.000000000;2;9500979465;B
20240201;095940;7063.000000000;5;9500979466;B
20240201;095940;7063.000000000;3;9500979467;S
20240201;095940;7063.000000000;2;9500979468;S
20240201;095940;7063.000000000;5;9500979469;B
20240201;095940;7063.000000000;3;9500979470;B
20240201;095940;7063.000000000;2;9500979471;B
20240201;095940;7063.000000000;5;9500979472;B
20240201;095940;7063.000000000;5;9500979473;B
20240201;095940;7063.000000000;3;9500979474;B
20240201;095940;7063.000000000;1;9500979475;S
20240201;095940;7063.000000000;1;9500979476;B
20240201;095940;7063.000000000;1;9500979477;B
20240201;095940;7063.000000000;5;9500979478;B
20240201;095940;7063.000000000;5;9500979479;B
20240201;095940;7063.000000000;5;9500979480;B
20240201;095940;7063.000000000;5;9500979481;B
20240201;095940;7063.000000000;3;9500979482;B
20240201;095940;7063.000000000;2;9500979483;B
20240201;095940;7063.000000000;5;9500979484;B
20240201;095940;7063.000000000;18;9500979485;S
20240201;095940;7063.000000000;25;9500979486;S
20240201;095940;7063.000000000;25;9500979487;S
20240201;095940;7063.000000000;25;9500979488;S
20240201;095940;7063.000000000;60;9500979489;B
20240201;100000;7062.500000000;1;9500984625;B
20240201;100000;7062.500000000;1;9500984657;B
20240201;100000;7062.000000000;1;9500984979;B
20240201;100000;7062.000000000;3;9500984997;B
20240201;100000;7062.000000000;1;9500985017;B
20240201;100000;7062.500000000;1;9500985067;B
20240201;100000;7063.000000000;9;9500985068;B
20240201;100000;7061.500000000;23;9500985272;S
20240201;100000;7061.000000000;14;9500985273;S
20240201;100000;7060.500000000;63;9500985274;S
20240201;100001;7062.500000000;3;9500985524;B
20240201;100001;7062.500000000;4;9500985567;B
20240201;100001;7062.500000000;3;9500985571;B
20240201;100001;7062.500000000;10;9500985592;B
20240201;100001;7062.500000000;2;9500985622;B
20240201;100001;7063.000000000;1;9500985636;B
20240201;100001;7063.000000000;1;9500985667;B
20240201;100001;7062.500000000;7;9500985668;S
20240201;100001;7062.000000000;2;9500985669;S
20240201;100001;7062.000000000;1;9500985670;S
20240201;100001;7063.000000000;1;9500985674;B
20240201;100001;7062.500000000;7;9500985690;B
20240201;100001;7062.500000000;5;9500986130;B
20240201;100002;7062.000000000;1;9500986838;S
20240201;100003;7060.500000000;5;9500987250;S
20240201;100003;7061.000000000;1;9500987254;S
20240201;100003;7061.000000000;1;9500987308;S
20240201;100003;7060.500000000;35;9500987460;S
20240201;100004;7061.500000000;2;9500987764;B
20240201;100004;7060.000000000;2;9500987976;S
20240201;100005;7061.500000000;2;9500988735;B
20240201;100005;7060.500000000;2;9500989313;B
20240201;100007;7060.500000000;2;9500990869;B
20240201;100007;7060.500000000;6;9500991009;B
20240201;100007;7061.000000000;11;9500991010;B
20240201;100007;7061.500000000;18;9500991011;B
20240201;100007;7062.000000000;40;9500991012;B
20240201;100007;7063.000000000;25;9500991013;B
20240201;100007;7063.000000000;3;9500991164;B
20240201;100007;7060.500000000;25;9500991335;S
20240201;100007;7062.000000000;9;9500991340;B
20240201;100007;7062.500000000;1;9500991341;B
20240201;100009;7060.500000000;1;9500991743;S
20240201;100009;7062.500000000;7;9500991791;B
20240201;100009;7062.500000000;1;9500991792;B
20240201;100009;7063.000000000;1;9500991813;B
20240201;100011;7062.000000000;1;9500992488;B
20240201;100013;7062.000000000;9;9500992960;B
20240201;100013;7062.500000000;10;9500992961;B
20240201;100013;7062.500000000;9;9500992962;B
20240201;100013;7061.500000000;2;9500993019;S
20240201;100013;7061.500000000;3;9500993020;S
20240201;100013;7061.000000000;10;9500993021;S
20240201;100013;7060.000000000;44;9500993022;S
20240201;100014;7062.000000000;1;9500993180;B
20240201;100028;7060.000000000;2;9500996230;S
20240201;100030;7060.500000000;5;9500996723;B
20240201;100032;7060.500000000;10;9500997072;B
20240201;100034;7060.000000000;10;9500997400;S
20240201;100034;7060.000000000;1;9500997445;S
20240201;100037;7060.500000000;22;9500997988;B
20240201;100037;7061.000000000;29;9500997989;B
20240201;100040;7060.000000000;22;9500998466;S
20240201;100041;7060.000000000;2;9500998725;S
20240201;100044;7060.000000000;10;9500999227;S
20240201;100045;7060.000000000;1;9500999471;S
20240201;100049;7060.000000000;5;9501000280;S
20240201;100050;7060.000000000;11;9501000449;S
20240201;100051;7060.000000000;50;9501000677;S
20240201;100052;7060.000000000;14;9501001120;S
20240201;100055;7060.000000000;10;9501001900;S
20240201;100055;7060.500000000;8;9501002007;B
20240201;100055;7061.000000000;1;9501002008;B
20240201;100055;7061.000000000;1;9501002009;B
20240201;100055;7061.000000000;10;9501002010;B
20240201;100101;7060.000000000;3;9501003299;S
20240201;100101;7060.000000000;6;9501003397;S
20240201;100101;7060.000000000;12;9501003403;S
20240201;100101;7060.000000000;20;9501003406;S
20240201;100102;7060.000000000;10;9501003578;S
20240201;100102;7060.500000000;4;9501003664;B
20240201;100103;7060.000000000;1;9501003741;S
20240201;100104;7060.000000000;40;9501003932;S
20240201;100104;7061.000000000;12;9501003990;B
20240201;100104;7061.000000000;1;9501003991;B
20240201;100104;7061.500000000;2;9501003992;B
20240201;100106;7060.500000000;14;9501004166;B
20240201;100106;7060.500000000;2;9501004176;B
20240201;100106;7061.000000000;15;9501004240;B
20240201;100106;7060.000000000;3;9501004287;S
20240201;100107;7060.000000000;100;9501004340;S
20240201;100107;7060.000000000;20;9501004524;S
20240201;100108;7060.500000000;3;9501004537;B
20240201;100110;7060.500000000;1;9501005018;B
20240201;100110;7060.000000000;5;9501005101;S
20240201;100111;7060.500000000;2;9501005191;B
20240201;100113;7060.500000000;1;9501005395;B
20240201;100115;7060.000000000;50;9501005830;S
20240201;100115;7060.000000000;1;9501005877;S
20240201;100116;7060.500000000;2;9501005961;B
20240201;100117;7060.000000000;2;9501006021;S
20240201;100117;7060.500000000;1;9501006030;B
20240201;100117;7060.500000000;10;9501006076;B
20240201;100118;7060.500000000;5;9501006292;B
20240201;100119;7060.000000000;1;9501006346;S
20240201;100121;7060.500000000;4;9501006907;B
20240201;100121;7060.500000000;2;9501006943;B
20240201;100121;7060.500000000;22;9501006944;B
20240201;100121;7060.500000000;25;9501006945;B
20240201;100121;7060.500000000;1;9501006946;B
20240201;100122;7060.000000000;42;9501006996;S
20240201;100122;7060.000000000;10;9501006997;S
20240201;100122;7060.000000000;3;9501006998;S
20240201;100122;7060.000000000;20;9501006999;S
20240201;100122;7060.000000000;1;9501007000;S
20240201;100122;7060.000000000;5;9501007001;S
20240201;100122;7060.000000000;2;9501007002;S
20240201;100122;7059.000000000;22;9501007006;B
20240201;100122;7059.000000000;20;9501007007;B
20240201;100122;7060.000000000;32;9501007008;B
20240201;100123;7058.000000000;3;9501007195;S
20240201;100127;7058.500000000;5;9501008075;B
20240201;100128;7058.500000000;1;9501008527;B
20240201;100128;7058.500000000;4;9501008741;B
20240201;100130;7058.500000000;1;9501009362;B
20240201;100131;7058.500000000;1;9501009403;B
20240201;100132;7058.500000000;2;9501009619;B
20240201;100134;7058.000000000;2;9501009956;S
20240201;100134;7056.000000000;2;9501009957;S
20240201;100134;7055.500000000;1;9501009958;S
20240201;100134;7057.500000000;10;9501009959;B
20240201;100135;7057.500000000;10;9501010150;B
20240201;100135;7058.000000000;5;9501010151;B
20240201;100135;7058.000000000;5;9501010152;B
20240201;100135;7058.000000000;1;9501010201;B
20240201;100136;7055.500000000;14;9501010363;S
20240201;100136;7055.500000000;2;9501010364;S
20240201;100136;7055.000000000;4;9501010365;S
20240201;100143;7057.000000000;2;9501011358;B
20240201;100143;7057.000000000;2;9501011414;B
20240201;100145;7057.000000000;20;9501011648;B
20240201;100147;7056.500000000;2;9501012006;S
20240201;100147;7056.500000000;18;9501012007;S
20240201;100147;7056.500000000;2;9501012008;S
20240201;100147;7056.500000000;1;9501012009;S
20240201;100147;7056.500000000;1;9501012010;S
20240201;100147;7056.500000000;5;9501012011;S
20240201;100147;7055.000000000;6;9501012012;S
20240201;100147;7055.000000000;24;9501012013;S
20240201;100151;7057.000000000;4;9501012691;B
20240201;100152;7055.000000000;1;9501012807;S
20240201;100152;7054.500000000;2;9501012808;S
20240201;100157;7056.500000000;1;9501013419;B
20240201;100203;7055.500000000;1;9501014654;S
20240201;100204;7055.500000000;9;9501014781;B
20240201;100205;7055.500000000;1;9501014860;S
20240201;100205;7055.000000000;7;9501014923;S
20240201;100206;7055.000000000;11;9501015027;S
20240201;100210;7055.000000000;5;9501015619;S
20240201;100210;7055.500000000;5;9501015696;B
20240201;100210;7055.500000000;1;9501015722;B
20240201;100211;7055.000000000;2;9501015882;S
20240201;100212;7055.500000000;5;9501015969;B
20240201;100212;7055.500000000;3;9501015970;B
20240201;100212;7055.500000000;29;9501016075;B
20240201;100212;7055.500000000;22;9501016076;B
20240201;100212;7055.500000000;20;9501016077;B
20240201;100212;7055.500000000;11;9501016078;B
20240201;100213;7056.000000000;5;9501016209;B
20240201;100213;7056.000000000;5;9501016210;B
20240201;100213;7055.500000000;6;9501016342;S
20240201;100214;7055.500000000;4;9501016438;S
20240201;100214;7055.500000000;2;9501016485;S
20240201;100217;7055.500000000;5;9501016842;S
20240201;100218;7056.000000000;13;9501016983;B
20240201;100222;7055.500000000;1;9501017836;S
20240201;100222;7055.500000000;1;9501017837;S
20240201;100222;7055.000000000;2;9501017838;S
20240201;100225;7055.000000000;5;9501018322;S
20240201;100228;7055.500000000;1;9501019002;B
20240201;100228;7055.000000000;5;9501019054;S
20240201;100232;7055.500000000;3;9501019703;B
20240201;100234;7055.500000000;1;9501020064;B
20240201;100235;7055.500000000;10;9501020133;B
20240201;100237;7055.000000000;5;9501020362;S
20240201;100240;7055.500000000;8;9501021026;B
20240201;100240;7055.500000000;11;9501021027;B
20240201;100240;7056.000000000;81;9501021028;B
20240201;100241;7055.500000000;10;9501021121;B
20240201;100243;7055.000000000;5;9501021450;S
20240201;100244;7055.000000000;2;9501021481;S
20240201;100248;7055.000000000;1;9501022074;S
20240201;100250;7056.000000000;4;9501022448;B
20240201;100250;7055.000000000;5;9501022458;S
20240201;100254;7055.000000000;4;9501022880;S
20240201;100254;7055.000000000;10;9501022881;S
20240201;100256;7055.500000000;10;9501023170;B
20240201;100256;7056.000000000;40;9501023171;B
20240201;100301;7055.500000000;5;9501023870;B
20240201;100301;7055.000000000;3;9501023871;S
20240201;100304;7055.500000000;1;9501024238;B
20240201;100314;7055.000000000;2;9501025723;S
20240201;100315;7055.000000000;2;9501026472;S
20240201;100316;7055.500000000;2;9501026685;B
20240201;100317;7055.500000000;2;9501026914;B
20240201;100317;7056.000000000;1;9501026915;B
20240201;100323;7055.000000000;24;9501027820;S
20240201;100323;7055.000000000;40;9501027821;S
20240201;100323;7054.500000000;9;9501027822;S
20240201;100323;7054.000000000;7;9501027823;S
20240201;100324;7055.500000000;4;9501027936;B
20240201;100324;7055.500000000;1;9501027964;B
20240201;100336;7054.000000000;8;9501029756;S
20240201;100336;7054.000000000;2;9501029757;B
20240201;100337;7054.500000000;5;9501029885;S
20240201;100339;7055.000000000;3;9501030210;B
20240201;100340;7055.000000000;6;9501030455;B
20240201;100344;7055.000000000;4;9501031009;B
20240201;100344;7055.500000000;10;9501031010;B
20240201;100348;7054.500000000;3;9501031810;S
20240201;100348;7054.500000000;2;9501031811;S
20240201;100348;7054.500000000;8;9501031812;S
20240201;100348;7054.000000000;4;9501031813;S
20240201;100348;7053.500000000;1;9501031814;S
20240201;100348;7053.500000000;5;9501031815;S
20240201;100348;7053.500000000;22;9501031816;S
20240201;100348;7053.000000000;30;9501031817;S
20240201;100348;7053.000000000;15;9501031818;S
20240201;100348;7053.000000000;2;9501031819;S
20240201;100348;7053.000000000;2;9501031820;S
20240201;100348;7053.000000000;9;9501031821;S
20240201;100350;7053.500000000;1;9501032854;B
20240201;100352;7052.500000000;1;9501033285;S
20240201;100352;7052.500000000;1;9501033504;S
20240201;100352;7052.500000000;1;9501033544;S
20240201;100352;7052.500000000;4;9501033580;S
20240201;100352;7052.500000000;1;9501033621;S
20240201;100352;7052.500000000;7;9501033655;S
20240201;100352;7052.500000000;3;9501033656;S
20240201;100353;7053.500000000;5;9501033922;B
20240201;100356;7053.500000000;6;9501034333;B
20240201;100356;7053.500000000;3;9501034334;B
20240201;100358;7052.500000000;2;9501034596;S
20240201;100359;7052.500000000;3;9501034800;S
20240201;100359;7052.500000000;6;9501034836;S
20240201;100359;7052.500000000;1;9501034874;S
20240201;100359;7052.500000000;1;9501034875;S
20240201;100400;7052.500000000;1;9501035134;S
20240201;100400;7052.500000000;2;9501035135;S
20240201;100400;7052.500000000;7;9501035136;S
20240201;100406;7053.500000000;1;9501036187;B
20240201;100412;7053.000000000;5;9501037043;S
20240201;100412;7052.500000000;5;9501037044;S
20240201;100413;7052.500000000;2;9501037417;S
20240201;100413;7052.000000000;5;9501037418;S
20240201;100415;7052.000000000;3;9501037708;S
20240201;100415;7053.500000000;2;9501037766;B
20240201;100416;7052.000000000;7;9501038056;S
20240201;100416;7052.000000000;3;9501038057;S
20240201;100418;7052.000000000;12;9501038329;S
20240201;100418;7052.000000000;8;9501038330;S
20240201;100418;7052.000000000;3;9501038331;S
20240201;100418;7052.000000000;2;9501038332;S
20240201;100418;7052.000000000;1;9501038333;S
20240201;100418;7052.000000000;2;9501038360;S
20240201;100419;7052.000000000;6;9501038598;S
20240201;100420;7052.000000000;1;9501038910;S
20240201;100420;7052.000000000;2;9501038911;S
20240201;100420;7052.000000000;2;9501038925;S
20240201;100420;7051.500000000;10;9501038926;S
20240201;100420;7051.500000000;6;9501038928;S
20240201;100421;7051.500000000;1;9501039087;S
20240201;100421;7051.500000000;1;9501039094;S
20240201;100421;7050.000000000;1;9501039095;S
20240201;100421;7048.000000000;2;9501039096;S
20240201;100422;7048.500000000;5;9501039274;B
20240201;100422;7048.500000000;21;9501039275;B
20240201;100422;7051.000000000;5;9501039342;S
20240201;100423;7051.000000000;2;9501039578;S
20240201;100423;7051.500000000;1;9501039643;B
20240201;100424;7051.500000000;5;9501039666;B
20240201;100429;7052.500000000;1;9501040453;S
20240201;100429;7052.500000000;3;9501040454;S
20240201;100429;7050.000000000;5;9501040455;S
20240201;100429;7049.500000000;1;9501040456;S
20240201;100429;7049.500000000;8;9501040561;S
20240201;100437;7048.000000000;2;9501041998;S
20240201;100449;7049.000000000;1;9501043796;S
20240201;100452;7049.000000000;1;9501044370;S
20240201;100453;7049.000000000;1;9501044546;S
20240201;100455;7049.000000000;2;9501044930;S
20240201;100455;7049.000000000;18;9501044931;B
20240201;100455;7050.000000000;4;9501044936;B
20240201;100455;7051.500000000;1;9501044937;B
20240201;100502;7050.000000000;4;9501046060;S
20240201;100503;7051.500000000;1;9501046235;B
20240201;100508;7049.000000000;1;9501046914;S
20240201;100508;7049.000000000;1;9501046915;S
20240201;100509;7050.000000000;1;9501047080;S
20240201;100512;7051.000000000;4;9501047584;S
20240201;100512;7050.000000000;23;9501047585;S
20240201;100512;7049.500000000;7;9501047586;S
20240201;100516;7049.500000000;1;9501048243;S
20240201;100517;7052.000000000;8;9501048406;B
20240201;100521;7052.000000000;4;9501048928;B
20240201;100529;7052.000000000;15;9501049919;B
20240201;100530;7052.000000000;1;9501050170;B
20240201;100531;7050.000000000;1;9501050203;S
20240201;100540;7052.000000000;5;9501051466;B
20240201;100540;7052.000000000;1;9501051523;B
20240201;100541;7052.000000000;1;9501051558;B
20240201;100553;7051.000000000;3;9501053367;S
20240201;100559;7051.500000000;2;9501054281;B
20240201;100601;7050.500000000;10;9501054519;S
20240201;100601;7051.500000000;1;9501054536;B
20240201;100601;7050.500000000;4;9501054672;S
20240201;100602;7051.500000000;1;9501054736;B
20240201;100604;7050.500000000;1;9501055073;S
20240201;100607;7050.500000000;20;9501055443;S
20240201;100611;7051.000000000;1;9501056021;B
20240201;100613;7051.000000000;1;9501056477;B
20240201;100613;7050.500000000;5;9501056574;S
20240201;100615;7051.000000000;2;9501056762;B
20240201;100615;7051.000000000;3;9501056763;B
20240201;100615;7050.500000000;2;9501056816;S
20240201;100615;7050.000000000;1;9501056817;S
20240201;100615;7050.000000000;5;9501056818;S
20240201;100615;7050.000000000;3;9501056819;S
20240201;100615;7049.000000000;3;9501056887;S
20240201;100615;7048.000000000;11;9501056888;S
20240201;100615;7048.000000000;3;9501056889;S
20240201;100615;7047.500000000;3;9501056890;S
20240201;100621;7049.500000000;4;9501057637;B
20240201;100621;7049.500000000;3;9501057638;B
20240201;100621;7050.000000000;8;9501057639;B
20240201;100624;7050.000000000;4;9501058111;B
20240201;100626;7050.000000000;2;9501058407;B
20240201;100635;7050.000000000;1;9501059520;B
20240201;100636;7050.000000000;20;9501059630;B
20240201;100641;7049.000000000;4;9501060970;S
20240201;100641;7048.500000000;2;9501060971;S
20240201;100645;7049.500000000;1;9501061497;B
20240201;100650;7049.500000000;2;9501062117;B
20240201;100650;7050.000000000;1;9501062118;B
20240201;100653;7050.000000000;4;9501062477;B
20240201;100653;7050.000000000;15;9501062500;B
20240201;100654;7050.000000000;1;9501062615;B
20240201;100655;7050.000000000;83;9501062780;B
20240201;100656;7050.000000000;117;9501062851;B
20240201;100657;7050.000000000;1;9501062948;B
20240201;100658;7050.000000000;1;9501063031;B
20240201;100701;7050.000000000;1;9501063468;B
20240201;100703;7049.500000000;1;9501063738;S
20240201;100703;7050.000000000;8;9501063756;B
20240201;100706;7049.000000000;1;9501064234;S
20240201;100706;7049.000000000;1;9501064235;S
20240201;100720;7050.000000000;70;9501066143;B
20240201;100721;7049.000000000;2;9501066251;S
20240201;100734;7050.000000000;19;9501068172;B
20240201;100737;7049.500000000;22;9501068645;S
20240201;100737;7049.500000000;1;9501068646;S
20240201;100737;7049.000000000;3;9501068647;S
20240201;100737;7049.000000000;14;9501068648;S
20240201;100739;7050.000000000;1;9501068921;B
20240201;100747;7049.500000000;1;9501070412;S
20240201;100747;7050.000000000;7;9501070455;B
20240201;100748;7050.000000000;14;9501070651;B
20240201;100749;7050.000000000;1;9501070734;B
20240201;100750;7050.000000000;16;9501070906;B
20240201;100750;7050.000000000;3;9501070999;B
20240201;100750;7050.000000000;5;9501071000;B
20240201;100753;7050.000000000;2;9501071299;B
20240201;100755;7050.000000000;2;9501071559;B
20240201;100755;7050.000000000;5;9501071586;B
20240201;100757;7049.500000000;10;9501071947;S
20240201;100803;7050.000000000;61;9501072893;B
20240201;100803;7050.000000000;38;9501072894;B
20240201;100803;7050.000000000;1;9501072895;B
20240201;100805;7050.000000000;10;9501073276;B
20240201;100808;7050.000000000;35;9501073708;B
20240201;100808;7050.000000000;6;9501073709;B
20240201;100808;7050.000000000;1;9501073787;B
20240201;100808;7049.500000000;2;9501073881;S
20240201;100810;7050.000000000;1;9501074095;B
20240201;100811;7050.000000000;1;9501074373;B
20240201;100813;7050.000000000;4;9501074566;B
20240201;100813;7050.000000000;5;9501074592;B
20240201;100813;7050.000000000;46;9501074593;B
20240201;100816;7050.000000000;7;9501075103;B
20240201;100817;7050.000000000;6;9501075119;B
20240201;100821;7050.000000000;2;9501075728;B
20240201;100823;7050.000000000;3;9501076076;B
20240201;100823;7050.000000000;5;9501076142;B
20240201;100824;7049.500000000;1;9501076356;S
20240201;100826;7050.000000000;5;9501076541;B
20240201;100829;7050.000000000;1;9501076936;B
20240201;100829;7050.000000000;2;9501076938;B
20240201;100833;7050.000000000;4;9501077569;B
20240201;100834;7050.000000000;1;9501077680;B
20240201;100834;7050.000000000;30;9501077796;B
20240201;100834;7050.000000000;9;9501077797;B
20240201;100835;7050.000000000;1;9501077922;B
20240201;100835;7050.000000000;20;9501077923;B
20240201;100836;7050.000000000;40;9501077977;B
20240201;100837;7050.000000000;3;9501078201;B
20240201;100838;7050.000000000;6;9501078305;B
20240201;100838;7050.000000000;1;9501078369;B
20240201;100838;7050.000000000;5;9501078370;B
20240201;100839;7050.000000000;2;9501078432;B
20240201;100839;7050.000000000;2;9501078433;B
20240201;100839;7049.500000000;1;9501078524;S
20240201;100842;7050.000000000;7;9501078961;B
20240201;100842;7050.000000000;1;9501078962;B
20240201;100842;7050.000000000;10;9501078963;B
20240201;100845;7050.000000000;100;9501079679;B
20240201;100845;7050.000000000;2;9501079680;B
20240201;100850;7050.000000000;2;9501080608;B
20240201;100850;7050.000000000;10;9501080691;B
20240201;100851;7050.000000000;100;9501080776;B
20240201;100851;7049.500000000;1;9501080794;S
20240201;100851;7049.500000000;2;9501080804;S
20240201;100852;7050.000000000;1;9501081019;B
20240201;100853;7050.000000000;25;9501081087;B
20240201;100854;7050.000000000;11;9501081347;B
20240201;100855;7050.000000000;1;9501081409;B
20240201;100856;7050.000000000;10;9501081514;B
20240201;100859;7050.000000000;6;9501082085;B
20240201;100859;7050.000000000;27;9501082086;B
20240201;100859;7050.000000000;10;9501082087;B
20240201;100900;7050.000000000;18;9501082374;B
20240201;100902;7049.500000000;1;9501082560;S
20240201;100903;7050.000000000;2;9501082811;B
20240201;100903;7050.000000000;11;9501082815;B
20240201;100904;7049.500000000;4;9501082936;S
20240201;100905;7049.500000000;1;9501083115;S
20240201;100905;7049.500000000;2;9501083116;S
20240201;100905;7049.500000000;1;9501083117;S
20240201;100905;7049.500000000;1;9501083118;S
20240201;100905;7049.500000000;6;9501083119;S
20240201;100906;7049.500000000;3;9501083278;S
20240201;100910;7050.000000000;40;9501083994;B
20240201;100911;7050.000000000;30;9501084145;B
20240201;100912;7050.000000000;30;9501084404;B
20240201;100912;7050.000000000;5;9501084448;B
20240201;100913;7050.000000000;14;9501084589;B
20240201;100913;7050.000000000;57;9501084590;B
20240201;100914;7050.000000000;4;9501084756;B
20240201;100914;7050.000000000;1;9501084781;B
20240201;100914;7050.000000000;2;9501084782;B
20240201;100916;7050.000000000;10;9501085052;B
20240201;100916;7050.000000000;4;9501085053;B
20240201;100917;7050.000000000;4;9501085269;B
20240201;100919;7050.000000000;1;9501085519;B
20240201;100920;7050.000000000;6;9501085633;B
20240201;100920;7050.000000000;6;9501085634;B
20240201;100920;7050.000000000;1;9501085685;B
20240201;100921;7050.000000000;4;9501085690;B
20240201;100923;7050.000000000;1;9501085979;B
20240201;100923;7050.000000000;4;9501086028;B
20240201;100925;7050.000000000;7;9501086266;B
20240201;100926;7050.000000000;10;9501086392;B
20240201;100928;7050.000000000;2;9501086767;B
20240201;100929;7050.000000000;26;9501086982;B
20240201;100929;7050.000000000;1;9501086992;B
20240201;100929;7050.000000000;149;9501087204;B
20240201;100929;7050.000000000;150;9501087205;B
20240201;100929;7050.000000000;79;9501087206;B
20240201;100929;7050.000000000;1;9501087226;B
20240201;100930;7050.000000000;5;9501087422;B
20240201;100930;7050.000000000;10;9501087423;B
20240201;100931;7050.000000000;10;9501087506;B
20240201;100931;7050.000000000;20;9501087526;B
20240201;100931;7050.000000000;4;9501087527;B
20240201;100931;7050.000000000;20;9501087528;B
20240201;100931;7050.000000000;1;9501087529;B
20240201;100935;7049.500000000;3;9501088295;S
20240201;100935;7050.000000000;52;9501088296;B
20240201;100935;7049.500000000;2;9501088366;S
20240201;100939;7050.000000000;98;9501089001;B
20240201;100939;7050.000000000;150;9501089002;B
20240201;100939;7050.000000000;150;9501089003;B
20240201;100939;7050.000000000;80;9501089004;B
20240201;100940;7050.000000000;39;9501089162;B
20240201;100940;7050.000000000;6;9501089273;B
20240201;100941;7050.000000000;6;9501089338;B
20240201;100941;7050.000000000;2;9501089415;B
20240201;100945;7050.000000000;2;9501089983;B
20240201;100948;7049.500000000;3;9501090661;S
20240201;100948;7050.000000000;4;9501090662;B
20240201;100949;7049.500000000;2;9501090783;S
20240201;100949;7049.500000000;12;9501090784;S
20240201;100949;7050.000000000;7;9501090785;B
20240201;100949;7050.000000000;4;9501090867;B
20240201;100949;7050.000000000;4;9501090868;B
20240201;100949;7050.000000000;150;9501090869;B
20240201;100949;7050.000000000;55;9501090870;B
20240201;100950;7049.500000000;5;9501090972;S
20240201;100957;7050.000000000;6;9501092039;B
20240201;100957;7050.000000000;2;9501092076;B
20240201;100957;7050.000000000;2;9501092179;B
20240201;100958;7050.000000000;2;9501092220;B
20240201;100958;7050.000000000;4;9501092231;B
20240201;100958;7050.000000000;1;9501092294;B
20240201;100958;7050.000000000;1;9501092299;B
20240201;100959;7050.000000000;1;9501092430;B
20240201;101000;7050.000000000;64;9501092622;B
20240201;101000;7050.000000000;6;9501092640;B
20240201;101000;7050.000000000;1;9501092719;B
20240201;101001;7050.000000000;25;9501092833;B
20240201;101001;7050.000000000;1;9501092834;B
20240201;101002;7049.500000000;7;9501092937;S
20240201;101002;7050.000000000;2;9501092938;B
20240201;101002;7050.000000000;6;9501093027;B
20240201;101002;7050.000000000;5;9501093100;B
20240201;101004;7050.000000000;1;9501093219;B
20240201;101005;7050.000000000;6;9501093520;B
20240201;101009;7050.000000000;2;9501094021;B
20240201;101010;7050.000000000;1;9501094102;B
20240201;101010;7050.000000000;3;9501094184;B
20240201;101010;7050.000000000;8;9501094260;B
20240201;101012;7050.000000000;2;9501094388;B
20240201;101012;7050.000000000;8;9501094472;B
20240201;101012;7050.000000000;2;9501094523;B
20240201;101013;7050.000000000;5;9501094660;B
20240201;101014;7050.000000000;8;9501094789;B
20240201;101019;7050.000000000;5;9501096283;B
20240201;101019;7050.000000000;1;9501096302;B
20240201;101019;7050.000000000;2;9501096421;B
20240201;101022;7050.000000000;2;9501096823;B
20240201;101022;7050.000000000;30;9501096897;B
20240201;101023;7050.000000000;26;9501096957;B
20240201;101023;7050.000000000;14;9501096958;B
20240201;101023;7050.000000000;1;9501096982;B
20240201;101023;7050.000000000;3;9501096983;B
20240201;101023;7050.000000000;6;9501097023;B
20240201;101023;7050.000000000;1;9501097054;B
20240201;101024;7050.000000000;4;9501097105;B
20240201;101024;7049.500000000;11;9501097180;S
20240201;101024;7049.500000000;10;9501097181;S
20240201;101026;7050.000000000;10;9501097368;B
20240201;101030;7050.000000000;44;9501097870;B
20240201;101030;7050.000000000;1;9501097871;B
20240201;101030;7050.000000000;22;9501097872;B
20240201;101030;7050.000000000;1;9501097885;B
20240201;101030;7050.000000000;2;9501097943;B
20240201;101033;7050.000000000;5;9501098264;B
20240201;101033;7050.000000000;1;9501098276;B
20240201;101034;7050.000000000;1;9501098454;B
20240201;101036;7050.000000000;21;9501098681;B
20240201;101036;7050.000000000;4;9501098765;B
20240201;101040;7050.000000000;11;9501099309;B
20240201;101041;7050.000000000;5;9501099448;B
20240201;101041;7049.500000000;5;9501099484;S
20240201;101041;7049.500000000;1;9501099485;S
20240201;101042;7050.000000000;1;9501099645;B
20240201;101043;7050.000000000;3;9501099650;B
20240201;101044;7050.000000000;6;9501099906;B
20240201;101044;7050.000000000;13;9501099962;B
20240201;101044;7050.000000000;11;9501099963;B
20240201;101045;7050.000000000;1;9501099969;B
20240201;101045;7050.000000000;1;9501099972;B
20240201;101045;7050.000000000;1;9501099974;B
20240201;101045;7050.000000000;2;9501099975;B
20240201;101049;7050.000000000;1;9501100668;B
20240201;101049;7050.000000000;28;9501100669;B
20240201;101059;7050.000000000;9;9501101906;B
20240201;101059;7050.000000000;10;9501101907;B
20240201;101059;7050.000000000;2;9501101908;B
20240201;101059;7050.000000000;12;9501101909;B
20240201;101103;7050.000000000;5;9501102376;B
20240201;101104;7050.000000000;21;9501102582;B
20240201;101105;7050.000000000;6;9501102748;B
20240201;101105;7050.000000000;12;9501102749;B
20240201;101106;7050.000000000;30;9501102837;B
20240201;101106;7050.000000000;21;9501102838;B
20240201;101106;7050.000000000;43;9501102846;B
20240201;101106;7050.000000000;1;9501102847;B
20240201;101106;7050.000000000;11;9501102848;B
20240201;101106;7050.000000000;41;9501102854;B
20240201;101106;7050.000000000;25;9501102860;B
20240201;101106;7050.000000000;2;9501102861;B
20240201;101107;7050.000000000;20;9501102961;B
20240201;101107;7050.000000000;4;9501103045;B
20240201;101107;7050.000000000;11;9501103060;B
20240201;101108;7050.000000000;1;9501103136;B
20240201;101110;7050.000000000;4;9501103546;B
20240201;101110;7050.000000000;3;9501103547;B
20240201;101110;7050.000000000;4;9501103590;B
20240201;101112;7050.000000000;1;9501103734;B
20240201;101112;7050.000000000;1;9501103794;B
20240201;101112;7050.000000000;9;9501103888;B
20240201;101113;7050.000000000;1;9501103908;B
20240201;101113;7050.000000000;1;9501104023;B
20240201;101114;7050.000000000;1;9501104294;B
20240201;101114;7050.000000000;9;9501104295;B
20240201;101115;7050.000000000;1;9501104363;B
20240201;101115;7050.000000000;4;9501104364;B
20240201;101117;7050.000000000;20;9501104805;B
20240201;101117;7050.000000000;9;9501104806;B
20240201;101118;7049.500000000;1;9501104949;S
20240201;101119;7049.500000000;1;9501105080;S
20240201;101119;7050.000000000;36;9501105081;B
20240201;101120;7049.500000000;2;9501105178;S
20240201;101120;7049.500000000;1;9501105179;S
20240201;101120;7049.500000000;1;9501105180;S
20240201;101121;7050.000000000;1;9501105423;B
20240201;101126;7050.000000000;6;9501106148;B
20240201;101126;7050.000000000;1;9501106151;B
20240201;101126;7050.000000000;3;9501106152;B
20240201;101129;7050.000000000;1;9501106532;B
20240201;101129;7050.000000000;2;9501106533;B
20240201;101131;7049.500000000;1;9501106848;S
20240201;101131;7050.000000000;4;9501106849;B
20240201;101134;7050.000000000;5;9501107230;B
20240201;101136;7050.000000000;7;9501107406;B
20240201;101136;7050.000000000;3;9501107420;B
20240201;101137;7050.000000000;26;9501107609;B
20240201;101138;7050.000000000;1;9501107666;B
20240201;101138;7049.500000000;4;9501107676;S
20240201;101138;7050.000000000;19;9501107704;B
20240201;101142;7050.000000000;2;9501108274;B
20240201;101144;7050.000000000;3;9501108474;B
20240201;101144;7050.000000000;4;9501108475;B
20240201;101148;7050.000000000;6;9501109027;B
20240201;101148;7050.000000000;2;9501109028;B
20240201;101149;7050.000000000;13;9501109179;B
20240201;101149;7050.000000000;23;9501109265;B
20240201;101152;7049.500000000;16;9501110398;S
20240201;101152;7049.500000000;20;9501110399;S
20240201;101152;7049.500000000;20;9501110400;S
20240201;101152;7049.500000000;1;9501110401;S
20240201;101152;7049.500000000;1;9501110402;S
20240201;101152;7049.500000000;22;9501110403;S
20240201;101152;7049.500000000;10;9501110404;S
20240201;101152;7049.500000000;11;9501110405;S
20240201;101152;7049.500000000;9;9501110406;S
20240201;101153;7050.000000000;2;9501110575;B
20240201;101153;7050.000000000;4;9501110576;B
20240201;101154;7050.000000000;1;9501110816;B
20240201;101159;7050.000000000;5;9501111644;B
20240201;101201;7050.000000000;3;9501112098;B
20240201;101201;7050.000000000;4;9501112133;B
20240201;101203;7050.000000000;4;9501112253;B
20240201;101203;7050.000000000;1;9501112317;B
20240201;101203;7050.000000000;23;9501112348;B
20240201;101205;7050.000000000;4;9501112557;B
20240201;101207;7050.000000000;3;9501112945;B
20240201;101208;7050.000000000;33;9501113100;B
20240201;101208;7050.000000000;7;9501113101;B
20240201;101209;7050.000000000;5;9501113126;B
20240201;101209;7050.000000000;1;9501113127;B
20240201;101209;7050.000000000;1;9501113229;B
20240201;101209;7050.000000000;2;9501113231;B
20240201;101211;7050.000000000;6;9501113452;B
20240201;101211;7050.000000000;2;9501113453;B
20240201;101211;7050.000000000;6;9501113454;B
20240201;101212;7050.000000000;4;9501113549;B
20240201;101212;7050.000000000;15;9501113720;B
20240201;101214;7050.000000000;1;9501113874;B
20240201;101215;7050.000000000;23;9501114071;B
20240201;101217;7050.000000000;5;9501114290;B
20240201;101217;7050.000000000;6;9501114291;B
20240201;101217;7050.000000000;12;9501114361;B
20240201;101218;7050.000000000;6;9501114517;B
20240201;101220;7050.000000000;28;9501114699;B
20240201;101221;7050.000000000;35;9501114741;B
20240201;101221;7050.000000000;1;9501114743;B
20240201;101221;7050.000000000;8;9501114788;B
20240201;101221;7050.000000000;150;9501114789;B
20240201;101221;7050.000000000;150;9501114790;B
20240201;101221;7050.000000000;150;9501114791;B
20240201;101221;7050.000000000;150;9501114792;B
20240201;101221;7050.000000000;150;9501114793;B
20240201;101221;7050.000000000;150;9501114794;B
20240201;101221;7050.000000000;150;9501114795;B
20240201;101221;7050.000000000;149;9501114796;B
20240201;101223;7050.000000000;1;9501115174;B
20240201;101223;7050.000000000;13;9501115175;B
20240201;101224;7050.000000000;22;9501115234;B
20240201;101224;7049.500000000;1;9501115239;S
20240201;101225;7049.500000000;1;9501115385;S
20240201;101225;7050.000000000;9;9501115386;B
20240201;101225;7050.000000000;2;9501115461;B
20240201;101227;7050.000000000;60;9501115742;B
20240201;101227;7050.000000000;44;9501115743;B
20240201;101230;7050.000000000;6;9501116065;B
20240201;101231;7050.000000000;2;9501116203;B
20240201;101233;7049.500000000;5;9501116521;S
20240201;101234;7050.000000000;6;9501116545;B
20240201;101237;7049.500000000;5;9501116995;S
20240201;101244;7049.500000000;1;9501117769;S
20240201;101244;7049.500000000;1;9501117770;S
20240201;101244;7050.000000000;2;9501117829;B
20240201;101248;7050.000000000;1;9501118275;B
20240201;101251;7050.000000000;6;9501118634;B
20240201;101255;7050.000000000;2;9501119227;B
20240201;101257;7050.000000000;12;9501119467;B
20240201;101258;7050.000000000;8;9501119601;B
20240201;101301;7050.000000000;10;9501119971;B
20240201;101304;7050.000000000;20;9501120358;B
20240201;101312;7050.000000000;6;9501121439;B
20240201;101321;7050.000000000;10;9501122314;B
20240201;101330;7050.000000000;1;9501123662;B
20240201;101330;7050.000000000;1;9501123698;B
20240201;101333;7050.000000000;6;9501123951;B
20240201;101347;7050.000000000;50;9501125358;B
20240201;101349;7049.500000000;2;9501125828;S
20240201;101349;7049.500000000;2;9501125829;S
20240201;101353;7049.500000000;5;9501126259;S
20240201;101354;7050.000000000;6;9501126340;B
20240201;101359;7049.500000000;1;9501126942;S
20240201;101401;7050.000000000;1;9501127193;B
20240201;101412;7049.500000000;2;9501129046;S
20240201;101413;7049.500000000;1;9501129148;S
20240201;101413;7049.500000000;2;9501129149;S
20240201;101415;7050.000000000;6;9501129464;B
20240201;101418;7049.500000000;2;9501129837;S
20240201;101420;7049.500000000;18;9501130012;S
20240201;101420;7049.500000000;1;9501130013;S
20240201;101420;7049.500000000;3;9501130014;S
20240201;101420;7050.000000000;10;9501130121;B
20240201;101423;7050.000000000;1;9501130528;B
20240201;101430;7050.000000000;1;9501131481;B
20240201;101435;7050.000000000;5;9501132041;B
20240201;101436;7050.000000000;5;9501132156;B
20240201;101436;7049.500000000;2;9501132163;S
20240201;101436;7049.500000000;5;9501132164;S
20240201;101436;7049.500000000;11;9501132165;S
20240201;101436;7049.500000000;22;9501132166;S
20240201;101436;7049.500000000;3;9501132167;S
20240201;101436;7049.500000000;2;9501132168;S
20240201;101436;7049.000000000;36;9501132169;S
20240201;101436;7049.000000000;100;9501132170;S
20240201;101436;7049.000000000;2;9501132171;S
20240201;101436;7049.000000000;17;9501132172;S
20240201;101436;7049.500000000;6;9501132229;B
20240201;101437;7049.500000000;5;9501132284;B
20240201;101438;7049.500000000;2;9501132372;B
20240201;101439;7049.500000000;5;9501132490;B
20240201;101440;7049.500000000;43;9501132621;B
20240201;101440;7050.000000000;7;9501132622;B
20240201;101440;7050.000000000;12;9501132623;B
20240201;101442;7050.000000000;18;9501132888;B
20240201;101442;7050.000000000;8;9501132889;B
20240201;101442;7050.000000000;1;9501132890;B
20240201;101442;7050.000000000;3;9501132891;B
20240201;101443;7050.000000000;22;9501132918;B
20240201;101443;7050.000000000;1;9501133038;B
20240201;101443;7050.000000000;1;9501133039;B
20240201;101444;7050.000000000;6;9501133170;B
20240201;101446;7050.000000000;2;9501133331;B
20240201;101446;7050.500000000;2;9501133332;B
20240201;101446;7050.500000000;36;9501133334;B
20240201;101446;7050.500000000;22;9501133337;B
20240201;101446;7051.500000000;3;9501133338;B
20240201;101446;7051.500000000;1;9501133342;B
20240201;101446;7052.000000000;27;9501133343;B
20240201;101446;7052.000000000;3;9501133344;B
20240201;101446;7053.000000000;10;9501133345;B
20240201;101446;7053.000000000;1;9501133346;B
20240201;101446;7053.500000000;6;9501133347;B
20240201;101446;7053.500000000;11;9501133348;B
20240201;101446;7054.000000000;22;9501133349;B
20240201;101446;7054.000000000;28;9501133350;B
20240201;101446;7054.500000000;6;9501133351;B
20240201;101446;7055.500000000;1;9501133355;B
20240201;101446;7055.500000000;1;9501133356;B
20240201;101446;7055.500000000;5;9501133357;B
20240201;101446;7056.000000000;10;9501133361;B
20240201;101446;7056.000000000;10;9501133362;B
20240201;101446;7056.000000000;14;9501133368;B
20240201;101450;7055.500000000;10;9501133914;S
20240201;101453;7056.000000000;18;9501134282;B
20240201;101457;7056.000000000;6;9501134916;B
20240201;101501;7056.000000000;8;9501135388;B
20240201;101503;7055.500000000;1;9501135775;S
20240201;101504;7055.500000000;2;9501136058;S
20240201;101507;7055.500000000;1;9501136485;S
20240201;101507;7055.500000000;1;9501136687;S
20240201;101508;7055.500000000;1;9501136796;S
20240201;101508;7055.500000000;17;9501136847;S
20240201;101508;7055.500000000;11;9501136848;S
20240201;101508;7055.500000000;22;9501136849;S
20240201;101519;7056.000000000;6;9501138875;B
20240201;101519;7055.500000000;5;9501139021;S
20240201;101524;7056.000000000;30;9501139978;B
20240201;101525;7056.000000000;4;9501140095;B
20240201;101525;7056.000000000;10;9501140096;B
20240201;101525;7056.000000000;6;9501140097;B
20240201;101526;7058.000000000;3;9501140353;B
20240201;101526;7058.000000000;3;9501140354;B
20240201;101526;7058.500000000;3;9501140394;B
20240201;101526;7059.000000000;1;9501140395;B
20240201;101528;7058.000000000;7;9501140600;S
20240201;101528;7058.500000000;5;9501140689;B
20240201;101528;7059.000000000;4;9501140690;B
20240201;101528;7059.000000000;1;9501140691;B
20240201;101528;7059.500000000;5;9501140692;B
20240201;101528;7059.500000000;20;9501140693;B
20240201;101528;7059.500000000;6;9501140694;B
20240201;101528;7060.000000000;10;9501140695;B
20240201;101528;7060.000000000;1;9501140696;B
20240201;101528;7060.000000000;1;9501140697;B
20240201;101528;7060.000000000;5;9501140698;B
20240201;101528;7060.000000000;67;9501140699;B
20240201;101528;7058.000000000;9;9501140715;S
20240201;101533;7058.500000000;3;9501141560;S
20240201;101534;7059.500000000;22;9501141935;S
20240201;101534;7059.000000000;38;9501141936;S
20240201;101536;7060.000000000;70;9501142169;B
20240201;101538;7060.000000000;10;9501142486;B
20240201;101538;7060.000000000;37;9501142623;B
20240201;101538;7060.000000000;3;9501142624;B
20240201;101538;7060.000000000;1;9501142625;B
20240201;101539;7060.500000000;5;9501142726;B
20240201;101539;7060.500000000;1;9501142727;B
20240201;101539;7061.000000000;2;9501142728;B
20240201;101540;7061.000000000;6;9501142865;B
20240201;101541;7061.000000000;15;9501143039;B
20240201;101546;7060.500000000;1;9501143891;S
20240201;101547;7061.000000000;7;9501143971;B
20240201;101547;7061.500000000;10;9501143972;B
20240201;101547;7061.500000000;2;9501143973;B
20240201;101547;7061.500000000;2;9501143974;B
20240201;101550;7061.500000000;3;9501144360;B
20240201;101550;7061.500000000;4;9501144361;B
20240201;101550;7062.000000000;6;9501144362;B
20240201;101550;7062.000000000;2;9501144448;B
20240201;101554;7060.500000000;1;9501145130;S
20240201;101556;7062.000000000;92;9501145638;B
20240201;101556;7062.000000000;20;9501145639;B
20240201;101557;7062.000000000;25;9501145839;B
20240201;101558;7062.000000000;1;9501145931;B
20240201;101559;7061.500000000;1;9501146074;S
20240201;101601;7062.000000000;3;9501146383;B
20240201;101601;7062.000000000;6;9501146459;B
20240201;101601;7062.000000000;5;9501146486;B
20240201;101601;7062.000000000;5;9501146527;B
20240201;101601;7062.500000000;1;9501146528;B
20240201;101601;7063.500000000;1;9501146529;B
20240201;101601;7063.500000000;1;9501146530;B
20240201;101601;7063.500000000;5;9501146531;B
20240201;101601;7063.500000000;4;9501146532;B
20240201;101601;7064.000000000;5;9501146533;B
20240201;101601;7064.500000000;5;9501146534;B
20240201;101601;7064.500000000;5;9501146535;B
20240201;101601;7065.000000000;1;9501146536;B
20240201;101601;7066.000000000;1;9501146537;B
20240201;101601;7066.000000000;41;9501146538;B
20240201;101601;7067.000000000;2;9501146557;B
20240201;101601;7067.500000000;1;9501146558;B
20240201;101601;7068.500000000;1;9501146559;B
20240201;101601;7068.500000000;2;9501146560;B
20240201;101601;7068.500000000;4;9501146561;B
20240201;101601;7068.500000000;4;9501146562;B
20240201;101601;7069.000000000;6;9501146563;B
20240201;101602;7069.000000000;4;9501146579;B
20240201;101602;7069.000000000;6;9501146580;B
20240201;101602;7069.000000000;1;9501146632;S
20240201;101602;7069.000000000;5;9501146656;S
20240201;101602;7069.500000000;5;9501146658;B
20240201;101602;7069.500000000;1;9501146659;B
20240201;101602;7069.500000000;1;9501146660;B
20240201;101602;7069.500000000;3;9501146661;B
20240201;101602;7069.500000000;1;9501146668;B
20240201;101602;7069.500000000;16;9501146719;B
20240201;101602;7069.500000000;19;9501146720;B
20240201;101603;7069.500000000;1;9501146748;B
20240201;101603;7069.000000000;6;9501146817;S
20240201;101606;7070.000000000;1;9501147290;B
20240201;101606;7069.500000000;1;9501147361;B
20240201;101606;7069.500000000;5;9501147362;B
20240201;101606;7070.000000000;5;9501147363;B
20240201;101606;7070.000000000;49;9501147364;B
20240201;101608;7069.500000000;1;9501147588;B
20240201;101609;7069.500000000;10;9501147734;B
20240201;101610;7069.500000000;5;9501147777;S
20240201;101611;7070.000000000;25;9501147917;B
20240201;101611;7069.500000000;15;9501147934;S
20240201;101615;7069.500000000;5;9501148513;S
20240201;101617;7069.500000000;20;9501148938;S
20240201;101621;7069.500000000;5;9501149586;S
20240201;101621;7069.500000000;1;9501149606;S
20240201;101622;7070.000000000;6;9501149684;B
20240201;101626;7069.500000000;1;9501150465;S
20240201;101626;7069.500000000;1;9501150521;S
20240201;101627;7069.500000000;18;9501150580;S
20240201;101627;7069.500000000;9;9501150581;S
20240201;101627;7069.500000000;1;9501150582;S
20240201;101627;7069.000000000;8;9501150583;S
20240201;101627;7069.000000000;10;9501150584;S
20240201;101627;7068.000000000;2;9501150585;S
20240201;101634;7065.000000000;2;9501151617;S
20240201;101634;7065.000000000;2;9501151629;S
20240201;101637;7065.000000000;1;9501152321;S
20240201;101637;7066.500000000;4;9501152364;B
20240201;101637;7066.500000000;4;9501152365;B
20240201;101637;7067.000000000;1;9501152366;B
20240201;101638;7065.000000000;5;9501152544;S
20240201;101642;7065.000000000;2;9501153170;S
20240201;101643;7065.500000000;4;9501153346;B
20240201;101643;7066.000000000;2;9501153347;B
20240201;101645;7066.000000000;18;9501153677;B
20240201;101645;7066.000000000;4;9501153678;B
20240201;101649;7067.500000000;1;9501154240;B
20240201;101654;7066.500000000;1;9501155208;S
20240201;101654;7066.500000000;3;9501155209;S
20240201;101656;7067.500000000;1;9501155608;B
20240201;101657;7067.500000000;2;9501155827;B
20240201;101700;7067.500000000;1;9501156233;B
20240201;101700;7068.000000000;1;9501156234;B
20240201;101701;7068.500000000;5;9501156354;B
20240201;101701;7069.000000000;5;9501156355;B
20240201;101701;7069.000000000;80;9501156356;B
20240201;101701;7069.500000000;7;9501156357;B
20240201;101701;7069.500000000;6;9501156358;B
20240201;101701;7069.500000000;10;9501156359;B
20240201;101701;7069.500000000;3;9501156360;B
20240201;101701;7070.000000000;184;9501156361;B
20240201;101701;7070.000000000;436;9501156458;B
20240201;101701;7070.000000000;296;9501156459;B
20240201;101701;7070.000000000;1;9501156460;B
20240201;101701;7070.000000000;2;9501156461;B
20240201;101701;7070.000000000;1;9501156462;B
20240201;101701;7070.000000000;1;9501156463;B
20240201;101701;7070.000000000;1;9501156464;B
20240201;101701;7070.000000000;1;9501156465;B
20240201;101701;7070.000000000;34;9501156466;B
20240201;101701;7070.000000000;72;9501156467;B
20240201;101701;7070.000000000;5;9501156468;B
20240201;101701;7070.000000000;1;9501156469;B
20240201;101701;7070.000000000;149;9501156470;B
20240201;101702;7070.000000000;20;9501156598;B
20240201;101704;7070.000000000;6;9501156933;B
20240201;101707;7070.000000000;1;9501157653;B
20240201;101708;7069.500000000;15;9501157709;S
20240201;101715;7069.000000000;13;9501158979;S
20240201;101715;7070.000000000;127;9501159084;B
20240201;101716;7069.500000000;28;9501159268;B
20240201;101716;7070.000000000;99;9501159269;B
20240201;101717;7070.000000000;1;9501159519;B
20240201;101717;7070.000000000;10;9501159597;B
20240201;101722;7070.000000000;40;9501160461;B
20240201;101723;7069.500000000;1;9501160569;S
20240201;101723;7069.500000000;7;9501160570;S
20240201;101723;7070.000000000;1;9501160634;B
20240201;101724;7069.500000000;1;9501160700;S
20240201;101724;7069.500000000;1;9501160805;S
20240201;101725;7070.000000000;6;9501161171;B
20240201;101726;7069.000000000;1;9501161433;S
20240201;101727;7070.000000000;40;9501161518;B
20240201;101728;7069.000000000;1;9501161641;S
20240201;101728;7070.000000000;2;9501161660;B
20240201;101731;7069.000000000;4;9501162098;S
20240201;101731;7068.500000000;2;9501162250;S
20240201;101732;7068.500000000;1;9501162404;S
20240201;101732;7068.000000000;9;9501162405;S
20240201;101732;7069.000000000;22;9501162411;B
20240201;101732;7069.500000000;4;9501162412;B
20240201;101732;7070.000000000;24;9501162413;B
20240201;101736;7068.500000000;1;9501163374;S
20240201;101737;7070.000000000;2;9501163544;B
20240201;101740;7070.000000000;1;9501163975;B
20240201;101742;7070.000000000;10;9501164289;B
20240201;101744;7070.000000000;170;9501164565;B
20240201;101746;7070.000000000;12;9501164854;B
20240201;101746;7070.000000000;6;9501164942;B
20240201;101748;7069.000000000;3;9501165351;S
20240201;101748;7069.000000000;4;9501165352;S
20240201;101748;7069.000000000;8;9501165353;S
20240201;101748;7068.500000000;5;9501165354;S
20240201;101748;7068.500000000;15;9501165355;S
20240201;101748;7068.000000000;1;9501165356;S
20240201;101752;7070.000000000;10;9501166109;B
20240201;101753;7068.000000000;2;9501166332;S
20240201;101754;7066.500000000;4;9501166407;S
20240201;101754;7066.000000000;22;9501166408;S
20240201;101754;7065.500000000;9;9501166409;S
20240201;101754;7065.500000000;80;9501166410;S
20240201;101754;7065.000000000;10;9501166411;S
20240201;101754;7065.000000000;4;9501166412;S
20240201;101754;7065.000000000;20;9501166413;S
20240201;101754;7065.000000000;70;9501166414;S
20240201;101754;7065.000000000;3;9501166415;S
20240201;101754;7065.000000000;20;9501166416;S
20240201;101754;7064.500000000;8;9501166417;S
20240201;101803;7065.500000000;1;9501168271;B
20240201;101807;7065.500000000;3;9501168930;B
20240201;101807;7066.500000000;2;9501168931;B
20240201;101807;7067.000000000;1;9501168932;B
20240201;101812;7067.500000000;2;9501169783;B
20240201;101812;7067.500000000;23;9501169784;B
20240201;101816;7067.000000000;5;9501170438;B
20240201;101816;7068.000000000;25;9501170439;B
20240201;101816;7068.000000000;2;9501170440;B
20240201;101816;7069.500000000;3;9501170441;B
20240201;101816;7070.000000000;214;9501170442;B
20240201;101816;7070.000000000;1;9501170443;B
20240201;101817;7067.500000000;3;9501170642;S
20240201;101817;7067.000000000;3;9501170727;S
20240201;101823;7069.500000000;2;9501171683;B
20240201;101823;7069.500000000;23;9501171684;B
20240201;101824;7067.000000000;1;9501171850;S
20240201;101824;7067.000000000;9;9501171851;S
20240201;101825;7065.500000000;3;9501172032;S
20240201;101825;7065.500000000;1;9501172033;S
20240201;101826;7069.000000000;11;9501172080;B
20240201;101826;7069.000000000;3;9501172081;B
20240201;101829;7069.000000000;6;9501172692;B
20240201;101834;7069.000000000;3;9501173824;B
20240201;101834;7069.000000000;3;9501173825;B
20240201;101850;7069.000000000;6;9501176957;B
20240201;101853;7069.000000000;2;9501177620;B
20240201;101902;7067.500000000;1;9501179340;S
20240201;101909;7068.000000000;1;9501180653;B
20240201;101911;7069.000000000;2;9501180920;B
20240201;101911;7069.000000000;1;9501180921;B
20240201;101911;7069.000000000;3;9501180922;B
20240201;101918;7067.500000000;21;9501182746;S
20240201;101918;7067.000000000;13;9501182747;S
20240201;101919;7068.000000000;2;9501183013;B
20240201;101921;7068.000000000;2;9501183258;B
20240201;101921;7069.000000000;16;9501183343;B
20240201;101923;7068.500000000;1;9501183649;S
20240201;101924;7068.500000000;6;9501183860;S
20240201;101924;7068.500000000;3;9501183998;S
20240201;101926;7068.500000000;2;9501184330;S
20240201;101926;7068.000000000;3;9501184331;S
20240201;101926;7068.000000000;3;9501184332;S
20240201;101932;7069.000000000;6;9501185621;B
20240201;101932;7068.000000000;3;9501185684;S
20240201;101936;7068.000000000;1;9501186448;S
20240201;101941;7068.000000000;1;9501187700;B
20240201;101941;7068.000000000;2;9501187701;B
20240201;101941;7068.000000000;1;9501187702;B
20240201;101941;7068.500000000;6;9501187703;B
20240201;101945;7068.500000000;2;9501188514;B
20240201;101951;7068.000000000;2;9501189444;B
20240201;101951;7068.000000000;2;9501189445;B
20240201;101951;7068.500000000;12;9501189446;B
20240201;101951;7067.500000000;2;9501189460;S
20240201;101953;7068.000000000;1;9501189945;B
20240201;101953;7068.000000000;1;9501189946;B
20240201;101953;7068.500000000;4;9501189947;B
20240201;101955;7068.000000000;2;9501190303;B
20240201;101958;7067.500000000;1;9501190870;S
20240201;101958;7067.500000000;1;9501190994;S
20240201;101958;7067.500000000;4;9501190995;S
20240201;101959;7067.000000000;61;9501191272;S
20240201;101959;7067.000000000;35;9501191273;S
20240201;102005;7065.500000000;2;9501192318;S
20240201;102010;7067.000000000;1;9501193440;B
20240201;102014;7067.500000000;1;9501195746;B
20240201;102014;7068.000000000;5;9501195747;B
20240201;102021;7067.000000000;3;9501199006;B
20240201;102021;7067.000000000;3;9501199007;B
20240201;102021;7067.000000000;4;9501199008;B
20240201;102021;7067.500000000;5;9501199009;B
20240201;102025;7066.000000000;1;9501201141;B
20240201;102028;7065.000000000;17;9501202030;S
20240201;102028;7065.000000000;1;9501202031;S
20240201;102028;7065.000000000;37;9501202032;S
20240201;102028;7065.000000000;1;9501202033;S
20240201;102028;7064.500000000;4;9501202037;S
20240201;102028;7064.500000000;71;9501202038;S
20240201;102028;7063.500000000;5;9501202055;S
20240201;102034;7062.000000000;1;9501204191;B
20240201;102035;7062.000000000;6;9501205249;B
20240201;102039;7061.500000000;2;9501206378;S
20240201;102039;7061.500000000;18;9501206380;S
20240201;102039;7061.500000000;5;9501206381;S
20240201;102039;7061.000000000;10;9501206382;S
20240201;102039;7061.000000000;1;9501206383;S
20240201;102039;7061.000000000;1;9501206384;S
20240201;102039;7061.000000000;4;9501206385;S
20240201;102039;7061.000000000;1;9501206386;S
20240201;102039;7061.000000000;3;9501206387;S
20240201;102039;7061.000000000;80;9501206388;S
20240201;102040;7061.500000000;1;9501206423;B
20240201;102043;7061.500000000;1;9501208155;S
20240201;102043;7061.500000000;3;9501208156;S
20240201;102043;7061.500000000;3;9501208157;S
20240201;102043;7061.000000000;20;9501208158;S
20240201;102043;7061.000000000;44;9501208159;S
20240201;102045;7061.500000000;3;9501208365;B
20240201;102045;7062.000000000;13;9501208366;B
20240201;102045;7062.000000000;1;9501208367;B
20240201;102046;7060.500000000;12;9501208618;S
20240201;102049;7061.000000000;1;9501209339;S
20240201;102049;7061.000000000;3;9501209840;S
20240201;102049;7061.000000000;1;9501209841;S
20240201;102049;7060.500000000;23;9501209842;S
20240201;102049;7060.500000000;2;9501209843;S
20240201;102049;7060.500000000;5;9501209844;S
20240201;102049;7060.500000000;1;9501209845;S
20240201;102049;7060.500000000;1;9501209846;S
20240201;102049;7060.500000000;64;9501209847;S
20240201;102049;7060.000000000;600;9501209848;S
20240201;102049;7060.000000000;1;9501209849;S
20240201;102049;7060.000000000;2;9501209850;S
20240201;102049;7060.000000000;35;9501209851;S
20240201;102049;7060.000000000;6;9501209852;S
20240201;102049;7060.000000000;100;9501209853;S
20240201;102049;7058.000000000;1;9501209867;S
20240201;102049;7056.000000000;4;9501209874;S
20240201;102050;7056.000000000;6;9501209903;S
20240201;102050;7054.500000000;12;9501209904;S
20240201;102050;7054.500000000;1;9501209905;S
20240201;102051;7057.000000000;6;9501210048;B
20240201;102051;7057.500000000;3;9501210049;B
20240201;102051;7057.500000000;7;9501210050;B
20240201;102056;7056.000000000;3;9501212139;B
20240201;102056;7057.000000000;3;9501212140;B
20240201;102100;7056.500000000;2;9501213023;B
20240201;102101;7056.000000000;4;9501213137;B
20240201;102101;7056.000000000;4;9501213195;B
20240201;102101;7054.500000000;3;9501213205;S
20240201;102104;7054.500000000;14;9501213728;S
20240201;102104;7054.000000000;8;9501213729;S
20240201;102117;7054.000000000;1;9501218034;B
20240201;102117;7054.500000000;2;9501218035;B
20240201;102117;7055.000000000;3;9501218036;B
20240201;102121;7055.000000000;16;9501219341;B
20240201;102125;7055.000000000;3;9501220640;B
20240201;102127;7055.000000000;10;9501220817;B
20240201;102137;7055.000000000;5;9501224751;B
20240201;102137;7055.500000000;2;9501224752;B
20240201;102137;7056.000000000;2;9501224753;B
20240201;102137;7057.000000000;11;9501224754;B
20240201;102137;7057.500000000;12;9501224755;B
20240201;102137;7058.500000000;7;9501224756;B
20240201;102137;7058.500000000;20;9501224757;B
20240201;102137;7059.500000000;6;9501224758;B
20240201;102137;7058.500000000;2;9501224759;S
20240201;102137;7058.500000000;2;9501224760;S
20240201;102137;7058.500000000;18;9501224761;S
20240201;102138;7059.000000000;6;9501225048;B
20240201;102141;7056.500000000;8;9501225904;S
20240201;102141;7056.500000000;2;9501225905;S
20240201;102143;7057.000000000;4;9501226563;S
20240201;102143;7057.000000000;1;9501226718;S
20240201;102150;7058.000000000;3;9501228590;B
20240201;102150;7058.500000000;2;9501228591;B
20240201;102150;7058.500000000;19;9501228592;B
20240201;102151;7058.500000000;10;9501228625;B
20240201;102151;7059.000000000;2;9501228626;B
20240201;102151;7059.000000000;3;9501228627;B
20240201;102153;7058.000000000;5;9501229072;S
20240201;102158;7059.500000000;2;9501230239;B
20240201;102200;7059.500000000;6;9501230359;B
20240201;102207;7059.500000000;2;9501233206;B
20240201;102207;7060.000000000;2;9501233207;B
20240201;102207;7060.000000000;16;9501233208;B
20240201;102213;7059.500000000;1;9501235331;B
20240201;102221;7059.500000000;2;9501236882;B
20240201;102221;7059.500000000;2;9501236883;B
20240201;102221;7060.000000000;12;9501236884;B
20240201;102221;7060.000000000;6;9501236899;B
20240201;102231;7060.000000000;1;9501240313;B
20240201;102233;7060.000000000;1;9501241093;B
20240201;102240;7059.500000000;4;9501243086;S
20240201;102242;7059.500000000;2;9501243337;B
20240201;102242;7060.000000000;4;9501243338;B
20240201;102242;7060.000000000;10;9501243355;B
20240201;102250;7060.000000000;3;9501246397;B
20240201;102250;7060.000000000;2;9501246398;B
20240201;102251;7060.000000000;1;9501246409;B
20240201;102251;7060.500000000;11;9501246410;B
20240201;102251;7060.500000000;2;9501246411;B
20240201;102251;7062.000000000;1;9501246412;B
20240201;102251;7062.000000000;1;9501246413;B
20240201;102251;7061.500000000;10;9501246414;B
20240201;102302;7061.000000000;2;9501249601;B
20240201;102302;7061.500000000;1;9501249602;B
20240201;102302;7061.500000000;1;9501249603;B
20240201;102303;7062.500000000;3;9501250169;B
20240201;102303;7062.500000000;3;9501250170;B
20240201;102304;7062.500000000;1;9501250429;B
20240201;102307;7060.500000000;2;9501251062;S
20240201;102307;7060.500000000;2;9501251063;S
20240201;102313;7060.000000000;3;9501252840;S
20240201;102319;7061.500000000;1;9501254822;B
20240201;102321;7062.000000000;2;9501255189;B
20240201;102321;7062.000000000;13;9501255190;B
20240201;102324;7062.000000000;6;9501256376;B
20240201;102324;7062.000000000;4;9501256431;B
20240201;102324;7062.000000000;6;9501256432;B
20240201;102334;7060.000000000;1;9501258828;S
20240201;102343;7060.000000000;1;9501261965;S
20240201;102343;7060.000000000;3;9501262217;S
20240201;102345;7062.000000000;2;9501262441;B
20240201;102345;7062.000000000;4;9501262442;B
20240201;102346;7062.000000000;15;9501262799;B
20240201;102351;7062.500000000;2;9501263950;B
20240201;102351;7062.500000000;14;9501263951;B
20240201;102359;7061.500000000;1;9501266681;B
20240201;102404;7060.000000000;1;9501268239;S
20240201;102404;7060.000000000;6;9501268349;S
20240201;102404;7060.000000000;3;9501268350;S
20240201;102404;7060.000000000;2;9501268351;S
20240201;102404;7060.000000000;2;9501268352;S
20240201;102404;7059.000000000;5;9501268353;S
20240201;102404;7059.000000000;80;9501268354;S
20240201;102404;7058.500000000;22;9501268355;S
20240201;102404;7058.000000000;5;9501268356;S
20240201;102404;7057.000000000;40;9501268357;S
20240201;102404;7057.000000000;20;9501268358;S
20240201;102404;7055.500000000;9;9501268359;S
20240201;102404;7055.000000000;98;9501268360;S
20240201;102404;7055.000000000;1;9501268361;S
20240201;102404;7055.000000000;20;9501268362;S
20240201;102404;7054.000000000;11;9501268363;S
20240201;102404;7053.000000000;1;9501268364;S
20240201;102404;7053.000000000;1;9501268365;S
20240201;102404;7052.500000000;36;9501268366;S
20240201;102404;7052.500000000;20;9501268367;S
20240201;102404;7052.000000000;40;9501268368;S
20240201;102404;7051.500000000;1;9501268369;S
20240201;102404;7051.500000000;11;9501268370;S
20240201;102404;7051.500000000;20;9501268371;S
20240201;102404;7051.000000000;1;9501268372;S
20240201;102404;7051.000000000;1;9501268373;S
20240201;102404;7051.000000000;44;9501268374;S
20240201;102406;7057.000000000;2;9501269087;B
20240201;102406;7057.000000000;4;9501269088;B
20240201;102407;7054.500000000;1;9501269566;S
20240201;102408;7057.500000000;6;9501269679;B
20240201;102418;7054.500000000;1;9501272562;S
20240201;102419;7056.500000000;1;9501272679;B
20240201;102419;7053.500000000;1;9501272726;S
20240201;102421;7054.500000000;14;9501273108;B
20240201;102421;7055.000000000;2;9501273109;B
20240201;102425;7053.000000000;7;9501274503;S
20240201;102427;7057.500000000;2;9501274751;B
20240201;102427;7057.500000000;4;9501274752;B
20240201;102431;7057.000000000;2;9501276102;B
20240201;102431;7057.500000000;12;9501276103;B
20240201;102431;7055.000000000;1;9501276132;S
20240201;102434;7055.000000000;24;9501276927;S
20240201;102434;7054.500000000;5;9501276928;S
20240201;102441;7055.500000000;4;9501279170;S
20240201;102441;7058.000000000;2;9501279234;B
20240201;102445;7058.000000000;1;9501279611;B
20240201;102448;7058.000000000;3;9501280168;B
20240201;102448;7058.000000000;3;9501280169;B
20240201;102451;7058.000000000;3;9501280405;B
20240201;102451;7058.000000000;3;9501280406;B
20240201;102451;7058.000000000;9;9501280407;B
20240201;102453;7057.500000000;1;9501280634;B
20240201;102454;7056.000000000;1;9501280762;S
20240201;102454;7055.500000000;1;9501280763;S
20240201;102454;7055.500000000;80;9501280764;S
20240201;102454;7055.000000000;50;9501280765;S
20240201;102454;7053.500000000;20;9501280766;S
20240201;102454;7053.000000000;50;9501280767;S
20240201;102454;7051.000000000;20;9501280768;S
20240201;102454;7051.000000000;4;9501280769;S
20240201;102454;7050.500000000;1;9501280770;S
20240201;102454;7050.500000000;5;9501280771;S
20240201;102454;7050.500000000;11;9501280772;S
20240201;102454;7050.500000000;12;9501280773;S
20240201;102454;7050.000000000;100;9501280774;S
20240201;102454;7050.000000000;10;9501280775;S
20240201;102454;7050.000000000;1;9501280776;S
20240201;102454;7050.000000000;1;9501280777;S
20240201;102454;7050.000000000;1;9501280778;S
20240201;102454;7050.000000000;1;9501280779;S
20240201;102454;7050.000000000;1;9501280780;S
20240201;102454;7050.000000000;1;9501280781;S
20240201;102454;7050.000000000;2;9501280782;S
20240201;102454;7050.000000000;1;9501280783;S
20240201;102454;7050.000000000;5;9501280784;S
20240201;102454;7050.000000000;10;9501280785;S
20240201;102454;7050.000000000;37;9501280786;B
20240201;102454;7050.000000000;2;9501280787;B
20240201;102454;7049.500000000;12;9501280847;S
20240201;102454;7049.500000000;3;9501280848;S
20240201;102454;7049.500000000;1;9501280849;S
20240201;102454;7049.500000000;2;9501280850;S
20240201;102454;7049.500000000;5;9501280851;S
20240201;102454;7049.500000000;2;9501280852;S
20240201;102454;7049.000000000;8;9501280853;S
20240201;102454;7049.000000000;1;9501280854;S
20240201;102454;7049.000000000;8;9501280856;S
20240201;102454;7048.500000000;2;9501280857;S
20240201;102454;7048.500000000;1;9501280858;S
20240201;102454;7048.000000000;1;9501280859;S
20240201;102454;7048.000000000;2;9501280860;S
20240201;102454;7048.000000000;8;9501280861;S
20240201;102454;7047.500000000;4;9501280862;S
20240201;102454;7047.000000000;15;9501280863;S
20240201;102454;7047.000000000;54;9501280864;S
20240201;102454;7046.000000000;5;9501280865;S
20240201;102455;7046.500000000;4;9501280920;S
20240201;102455;7046.500000000;2;9501280921;S
20240201;102458;7048.000000000;1;9501281236;B
20240201;102502;7046.000000000;1;9501283831;S
20240201;102502;7046.000000000;2;9501283832;S
20240201;102502;7046.000000000;4;9501283833;S
20240201;102502;7046.000000000;2;9501283834;S
20240201;102502;7045.500000000;6;9501283835;S
20240201;102502;7045.500000000;20;9501283836;S
20240201;102502;7045.000000000;1;9501283837;S
20240201;102502;7045.000000000;10;9501283838;S
20240201;102502;7045.000000000;28;9501283839;S
20240201;102502;7044.500000000;4;9501283840;S
20240201;102502;7044.000000000;1;9501283841;S
20240201;102502;7044.000000000;2;9501283842;S
20240201;102502;7044.000000000;5;9501283843;S
20240201;102502;7044.000000000;20;9501283844;S
20240201;102502;7043.500000000;5;9501283845;S
20240201;102502;7043.000000000;10;9501283846;S
20240201;102502;7043.000000000;4;9501283847;S
20240201;102503;7047.500000000;2;9501283935;B
20240201;102503;7047.500000000;7;9501283936;B
20240201;102503;7048.000000000;20;9501283937;B
20240201;102503;7048.000000000;2;9501283938;B
20240201;102503;7049.000000000;2;9501283939;B
20240201;102504;7045.500000000;9;9501284173;S
20240201;102504;7047.500000000;19;9501284239;B
20240201;102504;7048.000000000;1;9501284240;B
20240201;102504;7048.000000000;30;9501284241;B
20240201;102509;7046.000000000;15;9501285715;S
20240201;102509;7048.500000000;2;9501286008;B
20240201;102509;7048.500000000;4;9501286009;B
20240201;102512;7049.500000000;4;9501286763;B
20240201;102512;7049.500000000;1;9501286764;B
20240201;102517;7048.500000000;2;9501288110;B
20240201;102517;7049.000000000;2;9501288111;B
20240201;102517;7049.500000000;3;9501288112;B
20240201;102517;7049.500000000;80;9501288113;B
20240201;102517;7050.000000000;53;9501288114;B
20240201;102519;7048.000000000;1;9501288219;S
20240201;102519;7047.500000000;2;9501288220;S
20240201;102519;7047.500000000;7;9501288221;S
20240201;102521;7049.000000000;1;9501288448;B
20240201;102521;7049.000000000;15;9501288449;B
20240201;102526;7050.000000000;1;9501289082;B
20240201;102531;7049.500000000;1;9501289513;B
20240201;102531;7049.500000000;5;9501289514;B
20240201;102546;7047.000000000;1;9501291166;S
20240201;102550;7049.000000000;2;9501291569;B
20240201;102551;7049.000000000;1;9501291614;B
20240201;102551;7049.000000000;7;9501291615;B
20240201;102551;7049.500000000;8;9501291616;B
20240201;102552;7049.000000000;6;9501291729;B
20240201;102602;7049.000000000;10;9501292780;B
20240201;102602;7049.500000000;1;9501292814;B
20240201;102613;7049.500000000;6;9501293769;B
20240201;102614;7048.000000000;3;9501293888;S
20240201;102619;7047.500000000;7;9501294442;S
20240201;102621;7049.000000000;15;9501294660;B
20240201;102634;7048.500000000;3;9501295877;B
20240201;102634;7049.000000000;3;9501295878;B
20240201;102634;7049.000000000;5;9501295883;B
20240201;102644;7047.500000000;1;9501296720;S
20240201;102644;7047.500000000;2;9501296771;B
20240201;102644;7048.500000000;3;9501296772;B
20240201;102644;7049.000000000;12;9501296773;B
20240201;102644;7050.000000000;518;9501296774;B
20240201;102644;7050.000000000;20;9501296775;B
20240201;102645;7050.500000000;1;9501296868;B
20240201;102646;7050.500000000;1;9501297030;B
20240201;102646;7051.000000000;1;9501297031;B
20240201;102651;7055.000000000;3;9501297603;B
20240201;102651;7055.000000000;13;9501297604;B
20240201;102655;7056.000000000;6;9501298064;B
20240201;102708;7056.000000000;1;9501299349;B
20240201;102716;7056.000000000;2;9501300175;B
20240201;102716;7057.000000000;4;9501300176;B
20240201;102718;7056.000000000;1;9501300364;B
20240201;102721;7058.500000000;5;9501300623;B
20240201;102721;7058.500000000;3;9501300624;B
20240201;102721;7059.000000000;8;9501300625;B
20240201;102722;7059.500000000;20;9501300715;S
20240201;102722;7059.500000000;2;9501300716;S
20240201;102722;7058.000000000;1;9501300778;B
20240201;102723;7056.500000000;10;9501300849;S
20240201;102723;7056.500000000;3;9501300850;S
20240201;102724;7056.000000000;7;9501301038;B
20240201;102728;7056.000000000;12;9501301373;B
20240201;102730;7056.000000000;18;9501301556;B
20240201;102737;7058.000000000;6;9501302371;B
20240201;102745;7057.500000000;4;9501303038;B
20240201;102745;7058.000000000;14;9501303039;B
20240201;102745;7058.000000000;1;9501303040;B
20240201;102745;7058.000000000;2;9501303041;B
20240201;102749;7060.000000000;1;9501303509;B
20240201;102751;7060.000000000;4;9501303925;B
20240201;102751;7060.500000000;2;9501303926;B
20240201;102751;7061.000000000;1;9501303927;B
20240201;102751;7061.000000000;8;9501303928;B
20240201;102757;7058.000000000;4;9501304702;S
20240201;102758;7060.500000000;2;9501304869;B
20240201;102758;7060.500000000;4;9501304870;B
20240201;102759;7060.500000000;33;9501304911;B
20240201;102759;7061.000000000;15;9501304912;B
20240201;102759;7061.000000000;2;9501304913;B
20240201;102759;7061.000000000;50;9501304914;S
20240201;102801;7061.000000000;2;9501305216;B
20240201;102801;7061.000000000;3;9501305217;B
20240201;102817;7061.000000000;10;9501306579;B
20240201;102819;7060.500000000;6;9501306894;B
20240201;102821;7060.500000000;16;9501307041;B
20240201;102840;7058.500000000;1;9501309293;B
20240201;102840;7058.500000000;2;9501309294;B
20240201;102840;7059.000000000;3;9501309295;B
20240201;102851;7059.000000000;2;9501310480;B
20240201;102851;7059.000000000;13;9501310481;B
20240201;102902;7058.500000000;2;9501311669;B
20240201;102902;7059.000000000;4;9501311670;B
20240201;102909;7058.000000000;9;9501312485;S
20240201;102918;7058.000000000;5;9501313352;S
20240201;102918;7056.500000000;2;9501313353;S
20240201;102918;7056.500000000;80;9501313354;S
20240201;102918;7056.000000000;1;9501313355;S
20240201;102918;7056.000000000;10;9501313356;S
20240201;102918;7056.000000000;2;9501313357;S
20240201;102921;7058.000000000;10;9501313626;B
20240201;102921;7058.500000000;6;9501313627;B
20240201;102923;7058.500000000;1;9501313938;B
20240201;102923;7058.500000000;6;9501313960;B
20240201;102923;7056.500000000;1;9501314063;S
20240201;102936;7058.500000000;1;9501315439;B
20240201;102944;7058.500000000;6;9501316247;B
20240201;102947;7058.500000000;2;9501316717;B
20240201;102947;7058.500000000;20;9501316718;B
20240201;102947;7059.000000000;8;9501316719;B
20240201;102951;7059.000000000;16;9501317154;B
20240201;102951;7059.000000000;1;9501317242;B
20240201;102956;7059.000000000;1;9501317695;B
20240201;103000;7058.500000000;1;9501318052;S
20240201;103000;7058.500000000;2;9501318053;S
20240201;103005;7059.000000000;1;9501318602;B
20240201;103005;7059.000000000;5;9501318603;B
20240201;103017;7058.500000000;1;9501319791;S
20240201;103021;7059.000000000;6;9501320228;B
20240201;103021;7059.500000000;2;9501320229;B
20240201;103021;7059.500000000;7;9501320230;B
20240201;103021;7059.500000000;4;9501320264;B
20240201;103026;7059.000000000;2;9501320912;B
20240201;103026;7059.500000000;2;9501320913;B
20240201;103026;7060.000000000;1;9501320914;B
20240201;103026;7060.000000000;1;9501320915;B
20240201;103043;7060.000000000;10;9501322921;S
20240201;103047;7060.500000000;3;9501323505;B
20240201;103047;7060.500000000;2;9501323506;B
20240201;103047;7061.000000000;1;9501323507;B
20240201;103051;7061.000000000;16;9501323999;B
20240201;103054;7060.000000000;5;9501324292;S
20240201;103100;7061.000000000;6;9501325071;B
20240201;103108;7061.000000000;6;9501325800;B
20240201;103109;7061.000000000;21;9501325962;B
20240201;103109;7061.000000000;13;9501325963;B
20240201;103109;7061.500000000;2;9501325964;B
20240201;103116;7062.000000000;1;9501327390;B
20240201;103117;7062.000000000;10;9501327693;B
20240201;103117;7062.000000000;4;9501327694;B
20240201;103117;7062.500000000;1;9501327695;B
20240201;103119;7062.000000000;1;9501328086;B
20240201;103121;7062.000000000;1;9501328400;B
20240201;103121;7062.500000000;3;9501328401;B
20240201;103121;7062.500000000;2;9501328402;B
20240201;103121;7063.000000000;2;9501328403;B
20240201;103121;7063.500000000;8;9501328404;B
20240201;103122;7063.500000000;2;9501328702;B
20240201;103122;7063.500000000;2;9501328703;B
20240201;103125;7064.000000000;4;9501329253;B
20240201;103125;7064.000000000;3;9501329254;B
20240201;103125;7064.000000000;3;9501329255;B
20240201;103127;7063.500000000;2;9501329605;S
20240201;103129;7063.500000000;1;9501329925;S
20240201;103129;7064.000000000;6;9501330069;B
20240201;103130;7064.000000000;1;9501330159;B
20240201;103131;7063.500000000;13;9501330360;S
20240201;103139;7063.500000000;2;9501331742;B
20240201;103143;7063.500000000;2;9501332711;B
20240201;103143;7063.500000000;5;9501332712;B
20240201;103145;7063.000000000;1;9501332939;S
20240201;103149;7063.000000000;4;9501333850;S
20240201;103149;7063.000000000;2;9501333851;S
20240201;103149;7063.000000000;3;9501333926;S
20240201;103149;7063.000000000;5;9501333927;S
20240201;103149;7063.000000000;5;9501333928;S
20240201;103149;7063.000000000;5;9501333929;S
20240201;103150;7060.500000000;22;9501334301;S
20240201;103150;7060.500000000;10;9501334302;S
20240201;103150;7060.000000000;26;9501334303;S
20240201;103150;7062.500000000;6;9501334399;B
20240201;103151;7062.500000000;8;9501334437;B
20240201;103151;7062.500000000;7;9501334438;B
20240201;103212;7061.000000000;2;9501338346;B
20240201;103212;7061.500000000;4;9501338347;B
20240201;103214;7062.000000000;2;9501338892;B
20240201;103214;7062.000000000;20;9501338893;B
20240201;103214;7062.500000000;3;9501338894;B
20240201;103217;7061.000000000;1;9501339510;S
20240201;103219;7062.000000000;5;9501339969;B
20240201;103221;7062.000000000;5;9501340348;B
20240201;103221;7062.000000000;2;9501340349;B
20240201;103221;7062.000000000;2;9501340350;B
20240201;103221;7062.500000000;7;9501340351;B
20240201;103224;7061.000000000;5;9501341085;S
20240201;103225;7062.000000000;1;9501341227;B
20240201;103233;7062.000000000;1;9501342395;B
20240201;103233;7062.000000000;1;9501342421;B
20240201;103233;7062.000000000;5;9501342422;B
20240201;103234;7061.500000000;7;9501342707;S
20240201;103240;7061.000000000;1;9501343919;S
20240201;103249;7061.000000000;2;9501345857;S
20240201;103251;7062.000000000;15;9501346183;B
20240201;103251;7062.000000000;1;9501346184;B
20240201;103254;7062.500000000;1;9501346767;B
20240201;103254;7062.500000000;5;9501346768;B
20240201;103258;7061.500000000;1;9501347782;S
20240201;103305;7062.000000000;1;9501349220;B
20240201;103306;7061.000000000;1;9501349450;S
20240201;103315;7062.500000000;6;9501350943;B
20240201;103320;7062.500000000;10;9501351840;B
20240201;103321;7062.500000000;5;9501351877;B
20240201;103321;7062.500000000;2;9501351878;B
20240201;103321;7063.000000000;1;9501351879;B
20240201;103321;7063.000000000;7;9501351880;B
20240201;103322;7063.000000000;1;9501352126;B
20240201;103326;7062.500000000;1;9501352672;B
20240201;103333;7062.000000000;2;9501353716;B
20240201;103336;7062.500000000;6;9501354118;B
20240201;103340;7061.500000000;18;9501354863;S
20240201;103340;7061.500000000;1;9501354864;S
20240201;103340;7061.000000000;6;9501354865;S
20240201;103340;7061.000000000;25;9501354866;S
20240201;103351;7062.000000000;11;9501356377;B
20240201;103351;7062.000000000;2;9501356378;B
20240201;103351;7062.000000000;3;9501356379;B
20240201;103357;7062.000000000;6;9501357246;B
20240201;103402;7062.000000000;1;9501357714;B
20240201;103402;7062.000000000;11;9501357715;B
20240201;103404;7062.500000000;2;9501357899;B
20240201;103407;7062.500000000;2;9501358327;B
20240201;103407;7062.500000000;1;9501358328;B
20240201;103407;7062.500000000;2;9501358329;B
20240201;103409;7062.000000000;1;9501358651;S
20240201;103409;7061.500000000;17;9501358659;S
20240201;103409;7062.000000000;2;9501358698;B
20240201;103409;7062.000000000;4;9501358699;B
20240201;103411;7061.000000000;5;9501358943;S
20240201;103411;7061.000000000;1;9501358944;S
20240201;103411;7060.500000000;2;9501358945;S
20240201;103418;7061.500000000;2;9501359770;B
20240201;103418;7062.000000000;4;9501359771;B
20240201;103421;7062.000000000;16;9501360046;B
20240201;103435;7061.500000000;2;9501361612;B
20240201;103437;7062.000000000;4;9501361726;B
20240201;103439;7062.500000000;6;9501361967;B
20240201;103445;7062.000000000;1;9501362762;S
20240201;103448;7062.000000000;19;9501363052;S
20240201;103449;7062.000000000;26;9501363192;S
20240201;103449;7062.000000000;1;9501363193;S
20240201;103449;7061.000000000;14;9501363194;S
20240201;103449;7060.500000000;8;9501363195;S
20240201;103449;7060.500000000;10;9501363196;S
20240201;103449;7060.500000000;29;9501363197;S
20240201;103449;7060.000000000;25;9501363198;S
20240201;103449;7060.000000000;2;9501363199;S
20240201;103449;7060.000000000;100;9501363200;S
20240201;103449;7060.000000000;8;9501363201;S
20240201;103449;7060.000000000;10;9501363202;S
20240201;103449;7060.000000000;10;9501363203;S
20240201;103449;7060.000000000;10;9501363204;S
20240201;103449;7059.500000000;1;9501363205;B
20240201;103449;7059.500000000;1;9501363206;B
20240201;103449;7060.000000000;1;9501363208;B
20240201;103449;7060.000000000;1;9501363209;B
20240201;103450;7059.000000000;7;9501363278;S
20240201;103450;7059.000000000;50;9501363279;S
20240201;103450;7058.500000000;11;9501363280;S
20240201;103450;7058.500000000;1;9501363281;S
20240201;103450;7057.500000000;3;9501363302;S
20240201;103451;7058.500000000;15;9501363429;B
20240201;103452;7056.500000000;2;9501363846;S
20240201;103454;7058.000000000;1;9501364115;B
20240201;103500;7057.500000000;2;9501364733;B
20240201;103500;7058.500000000;4;9501364734;B
20240201;103511;7056.000000000;2;9501366259;S
20240201;103515;7056.000000000;3;9501367260;S
20240201;103521;7058.500000000;16;9501367960;B
20240201;103521;7058.500000000;3;9501368084;B
20240201;103521;7058.500000000;3;9501368085;B
20240201;103543;7058.000000000;2;9501370553;B
20240201;103543;7058.000000000;4;9501370554;B
20240201;103551;7058.000000000;2;9501371567;B
20240201;103551;7058.000000000;14;9501371568;B
20240201;103552;7056.500000000;1;9501371683;S
20240201;103603;7057.500000000;2;9501372653;B
20240201;103603;7058.000000000;9;9501372654;B
20240201;103603;7058.000000000;6;9501372655;B
20240201;103604;7057.500000000;6;9501372757;B
20240201;103604;7057.500000000;8;9501372785;S
20240201;103613;7057.500000000;2;9501373643;B
20240201;103614;7058.500000000;12;9501373679;B
20240201;103614;7058.500000000;2;9501373680;B
20240201;103618;7058.000000000;2;9501374138;B
20240201;103618;7057.500000000;2;9501374164;S
20240201;103618;7056.000000000;2;9501374165;S
20240201;103619;7057.500000000;2;9501374299;S
20240201;103620;7057.000000000;2;9501374355;S
20240201;103621;7057.500000000;2;9501374429;B
20240201;103621;7057.500000000;11;9501374430;B
20240201;103621;7058.000000000;2;9501374431;B
20240201;103625;7057.500000000;2;9501374922;B
20240201;103625;7057.500000000;2;9501374928;B
20240201;103625;7057.500000000;4;9501374929;B
20240201;103627;7057.500000000;1;9501375216;B
20240201;103628;7057.500000000;1;9501375263;B
20240201;103629;7057.000000000;30;9501375421;S
20240201;103637;7057.500000000;2;9501376073;B
20240201;103639;7057.500000000;28;9501376329;B
20240201;103639;7057.500000000;5;9501376330;B
20240201;103642;7057.500000000;50;9501376567;S
20240201;103643;7057.500000000;3;9501376717;S
20240201;103646;7058.000000000;2;9501376974;B
20240201;103646;7058.000000000;4;9501376975;B
20240201;103651;7058.000000000;2;9501377514;B
20240201;103651;7058.500000000;11;9501377515;B
20240201;103651;7058.500000000;2;9501377516;B
20240201;103651;7059.000000000;1;9501377517;B
20240201;103653;7057.500000000;24;9501377848;S
20240201;103653;7057.000000000;10;9501377849;S
20240201;103653;7057.000000000;3;9501377850;S
20240201;103657;7057.500000000;2;9501378174;B
20240201;103700;7058.000000000;2;9501378413;B
20240201;103705;7057.000000000;2;9501378857;S
20240201;103705;7056.500000000;2;9501378858;S
20240201;103705;7056.500000000;9;9501378859;S
20240201;103705;7056.000000000;21;9501378860;S
20240201;103705;7055.000000000;7;9501378861;S
20240201;103705;7055.500000000;42;9501378890;S
20240201;103705;7055.000000000;3;9501378891;S
20240201;103705;7055.000000000;1;9501378892;S
20240201;103705;7055.000000000;2;9501378893;S
20240201;103705;7055.000000000;20;9501378894;S
20240201;103705;7054.500000000;13;9501378895;S
20240201;103705;7054.000000000;1;9501378896;S
20240201;103705;7054.000000000;26;9501378897;S
20240201;103707;7055.000000000;1;9501379100;B
20240201;103707;7057.000000000;2;9501379101;B
20240201;103707;7057.000000000;3;9501379102;B
20240201;103716;7057.500000000;2;9501379836;B
20240201;103721;7056.500000000;2;9501380476;B
20240201;103721;7057.500000000;8;9501380477;B
20240201;103721;7058.500000000;6;9501380478;B
20240201;103728;7057.000000000;2;9501381144;B
20240201;103728;7057.000000000;4;9501381145;B
20240201;103729;7055.500000000;1;9501381262;S
20240201;103729;7055.500000000;2;9501381263;S
20240201;103733;7055.500000000;2;9501381572;S
20240201;103739;7054.500000000;1;9501382314;S
20240201;103744;7055.500000000;1;9501383074;S
20240201;103748;7055.500000000;1;9501383641;S
20240201;103749;7056.500000000;6;9501383763;B
20240201;103750;7055.500000000;1;9501383963;S
20240201;103751;7057.000000000;11;9501384077;B
20240201;103751;7057.500000000;2;9501384078;B
20240201;103751;7057.500000000;2;9501384079;B
20240201;103752;7055.500000000;1;9501384232;S
20240201;103755;7055.500000000;1;9501384482;S
20240201;103755;7055.500000000;1;9501384486;S
20240201;103755;7055.000000000;1;9501384487;S
20240201;103755;7055.000000000;11;9501384488;S
20240201;103755;7054.500000000;25;9501384489;S
20240201;103755;7054.000000000;4;9501384490;S
20240201;103755;7054.000000000;50;9501384491;S
20240201;103755;7054.000000000;1;9501384492;S
20240201;103755;7053.500000000;7;9501384493;S
20240201;103756;7055.500000000;1;9501384723;S
20240201;103810;7054.500000000;2;9501386326;B
20240201;103810;7055.500000000;4;9501386327;B
20240201;103817;7053.000000000;1;9501387244;S
20240201;103819;7055.000000000;2;9501387360;B
20240201;103819;7055.000000000;5;9501387361;B
20240201;103821;7055.000000000;16;9501387570;B
20240201;103824;7053.000000000;7;9501387808;S
20240201;103824;7052.500000000;6;9501387809;S
20240201;103824;7052.500000000;7;9501387810;S
20240201;103830;7052.500000000;1;9501388330;S
20240201;103831;7055.500000000;6;9501388402;B
20240201;103844;7053.500000000;17;9501389606;B
20240201;103844;7054.000000000;2;9501389607;B
20240201;103844;7054.000000000;1;9501389608;B
20240201;103844;7055.000000000;28;9501389609;B
20240201;103844;7055.500000000;2;9501389610;B
20240201;103851;7056.000000000;2;9501390281;B
20240201;103851;7056.000000000;14;9501390282;B
20240201;103852;7056.500000000;6;9501390587;B
20240201;103859;7056.500000000;8;9501391360;B
20240201;103859;7057.000000000;2;9501391361;B
20240201;103906;7056.000000000;2;9501391967;S
20240201;103914;7057.500000000;2;9501392602;B
20240201;103914;7058.000000000;1;9501392603;B
20240201;103914;7058.000000000;3;9501392604;B
20240201;103914;7058.000000000;8;9501392605;B
20240201;103914;7058.500000000;2;9501392606;B
20240201;103914;7059.500000000;5;9501392607;B
20240201;103914;7059.500000000;4;9501392608;B
20240201;103914;7059.500000000;61;9501392609;B
20240201;103921;7059.500000000;6;9501393693;B
20240201;103921;7059.500000000;5;9501393694;B
20240201;103921;7059.500000000;4;9501393695;B
20240201;103924;7059.000000000;1;9501394054;B
20240201;103935;7058.000000000;2;9501395025;B
20240201;103935;7058.000000000;4;9501395026;B
20240201;103940;7058.000000000;5;9501395453;S
20240201;103951;7058.000000000;1;9501396485;B
20240201;103951;7058.000000000;1;9501396486;B
20240201;103951;7058.000000000;14;9501396487;B
20240201;103956;7058.500000000;4;9501397264;B
20240201;103956;7059.000000000;1;9501397265;B
20240201;103956;7059.000000000;1;9501397266;B
20240201;104017;7059.500000000;2;9501400541;B
20240201;104017;7059.500000000;3;9501400542;B
20240201;104017;7059.500000000;1;9501400543;B
20240201;104021;7059.500000000;1;9501400938;B
20240201;104021;7059.500000000;15;9501400939;B
20240201;104029;7058.500000000;1;9501401923;S
20240201;104030;7058.000000000;1;9501401976;S
20240201;104030;7057.000000000;20;9501401977;S
20240201;104030;7057.000000000;14;9501401978;S
20240201;104030;7055.500000000;1;9501401979;S
20240201;104030;7055.000000000;5;9501401980;S
20240201;104030;7055.000000000;9;9501401981;S
20240201;104038;7059.000000000;3;9501402965;B
20240201;104038;7059.000000000;1;9501402966;B
20240201;104038;7060.000000000;2;9501402967;B
20240201;104051;7058.500000000;5;9501404932;B
20240201;104051;7059.500000000;9;9501404933;B
20240201;104051;7059.500000000;1;9501404934;B
20240201;104059;7058.500000000;6;9501406002;B
20240201;104101;7056.000000000;2;9501406271;S
20240201;104102;7058.000000000;2;9501406484;B
20240201;104120;7058.000000000;1;9501408944;B
20240201;104120;7058.000000000;4;9501408945;B
20240201;104120;7058.500000000;1;9501408946;B
20240201;104121;7058.000000000;1;9501408990;B
20240201;104121;7058.000000000;15;9501408991;B
20240201;104128;7053.500000000;1;9501409927;S
20240201;104129;7057.500000000;2;9501410130;B
20240201;104134;7057.500000000;4;9501410530;B
20240201;104136;7058.000000000;2;9501410785;B
20240201;104141;7058.000000000;2;9501411592;B
20240201;104141;7058.000000000;4;9501411593;B
20240201;104143;7055.500000000;1;9501411820;S
20240201;104151;7059.000000000;4;9501412586;B
20240201;104151;7059.000000000;9;9501412587;B
20240201;104151;7059.000000000;3;9501412588;B
20240201;104158;7054.500000000;4;9501413435;S
20240201;104202;7057.500000000;6;9501413805;B
20240201;104206;7058.500000000;4;9501414352;B
20240201;104206;7058.500000000;18;9501414353;B
20240201;104206;7058.500000000;57;9501414354;B
20240201;104206;7059.000000000;5;9501414355;B
20240201;104206;7059.000000000;1;9501414356;B
20240201;104206;7059.000000000;15;9501414357;B
20240201;104220;7055.500000000;1;9501415820;S
20240201;104221;7059.000000000;8;9501415907;B
20240201;104221;7059.000000000;7;9501415908;B
20240201;104224;7059.500000000;6;9501416379;B
20240201;104243;7059.500000000;1;9501418978;B
20240201;104245;7059.500000000;6;9501419145;B
20240201;104249;7059.500000000;1;9501419650;B
20240201;104251;7059.000000000;1;9501419846;B
20240201;104251;7059.000000000;15;9501419847;B
20240201;104306;7059.500000000;1;9501421806;B
20240201;104306;7059.500000000;1;9501421807;B
20240201;104306;7059.500000000;4;9501421808;B
20240201;104307;7057.000000000;1;9501421878;S
20240201;104311;7059.000000000;1;9501422402;B
20240201;104321;7058.500000000;4;9501423537;B
20240201;104321;7059.000000000;2;9501423538;B
20240201;104321;7059.000000000;10;9501423539;B
20240201;104324;7058.500000000;1;9501423980;B
20240201;104327;7059.000000000;4;9501424189;B
20240201;104327;7059.000000000;2;9501424190;B
20240201;104345;7057.500000000;10;9501426686;S
20240201;104348;7058.500000000;6;9501426912;B
20240201;104351;7059.000000000;15;9501427320;B
20240201;104357;7059.000000000;1;9501427978;B
20240201;104409;7060.000000000;6;9501429367;B
20240201;104416;7060.000000000;1;9501430179;B
20240201;104421;7060.000000000;16;9501431136;B
20240201;104423;7060.000000000;10;9501431501;B
20240201;104430;7060.000000000;6;9501432894;B
20240201;104434;7060.000000000;1;9501433794;B
20240201;104434;7059.000000000;1;9501433795;S
20240201;104434;7059.000000000;5;9501433796;S
20240201;104440;7059.500000000;1;9501435559;B
20240201;104443;7059.000000000;5;9501436064;S
20240201;104445;7059.000000000;9;9501436621;S
20240201;104445;7059.000000000;2;9501436622;S
20240201;104445;7059.000000000;4;9501436623;S
20240201;104445;7058.500000000;2;9501436624;S
20240201;104445;7058.500000000;8;9501436625;S
20240201;104446;7058.500000000;5;9501436857;B
20240201;104449;7058.000000000;5;9501437501;S
20240201;104449;7057.000000000;4;9501437502;S
20240201;104449;7056.500000000;1;9501437503;S
20240201;104449;7056.500000000;65;9501437504;S
20240201;104450;7058.500000000;1;9501437659;B
20240201;104451;7058.000000000;1;9501437846;B
20240201;104451;7058.000000000;15;9501437847;B
20240201;104451;7058.000000000;6;9501437903;B
20240201;104454;7058.000000000;1;9501438398;B
20240201;104459;7055.500000000;5;9501439277;S
20240201;104502;7055.000000000;1;9501439801;S
20240201;104502;7057.500000000;5;9501439896;B
20240201;104502;7057.500000000;2;9501439897;B
20240201;104509;7055.500000000;8;9501441449;B
20240201;104509;7055.500000000;22;9501441525;S
20240201;104509;7057.500000000;4;9501441555;B
20240201;104510;7057.500000000;1;9501441720;S
20240201;104512;7058.000000000;1;9501442198;B
20240201;104512;7058.500000000;1;9501442199;B
20240201;104512;7058.500000000;4;9501442200;B
20240201;104518;7055.000000000;1;9501443726;S
20240201;104518;7055.000000000;1;9501443894;S
20240201;104521;7058.000000000;2;9501444357;B
20240201;104521;7058.000000000;2;9501444358;B
20240201;104521;7058.000000000;11;9501444359;B
20240201;104532;7058.000000000;3;9501446713;S
20240201;104532;7058.000000000;12;9501446714;S
20240201;104533;7059.000000000;3;9501446971;B
20240201;104533;7059.000000000;3;9501446972;B
20240201;104534;7059.500000000;25;9501446996;B
20240201;104548;7058.000000000;3;9501448617;S
20240201;104548;7057.000000000;2;9501448618;S
20240201;104548;7057.000000000;80;9501448619;S
20240201;104548;7055.500000000;10;9501448620;S
20240201;104548;7055.500000000;30;9501448621;S
20240201;104548;7055.000000000;20;9501448622;S
20240201;104548;7054.000000000;4;9501448623;S
20240201;104549;7057.500000000;2;9501448756;B
20240201;104551;7057.000000000;16;9501449009;B
20240201;104555;7056.500000000;1;9501449569;B
20240201;104555;7056.500000000;5;9501449570;B
20240201;104555;7057.000000000;4;9501449764;B
20240201;104616;7059.000000000;6;9501452042;B
20240201;104621;7057.500000000;2;9501452554;B
20240201;104621;7057.500000000;16;9501452568;B
20240201;104622;7057.500000000;41;9501452721;B
20240201;104624;7057.000000000;3;9501452842;S
20240201;104627;7057.000000000;1;9501453236;B
20240201;104637;7057.000000000;6;9501454342;B
20240201;104651;7057.000000000;4;9501455951;B
20240201;104651;7057.000000000;6;9501455952;B
20240201;104651;7057.000000000;5;9501455953;B
20240201;104658;7057.500000000;6;9501456679;B
20240201;104707;7057.000000000;1;9501457680;S
20240201;104719;7057.500000000;6;9501459240;B
20240201;104721;7057.500000000;16;9501459468;B
20240201;104724;7057.500000000;16;9501459807;B
20240201;104735;7057.500000000;1;9501461167;B
20240201;104739;7057.500000000;196;9501461521;B
20240201;104739;7057.500000000;9;9501461522;B
20240201;104739;7057.500000000;20;9501461523;B
20240201;104740;7059.000000000;6;9501461640;B
20240201;104751;7059.000000000;15;9501462647;B
20240201;104757;7058.500000000;2;9501463412;B
20240201;104757;7058.000000000;5;9501463413;S
20240201;104758;7059.000000000;99;9501463439;B
20240201;104758;7059.000000000;3;9501463440;B
20240201;104758;7059.000000000;4;9501463441;B
20240201;104758;7059.000000000;194;9501463442;S
20240201;104800;7060.000000000;1;9501463654;B
20240201;104801;7060.000000000;6;9501463716;B
20240201;104809;7060.000000000;1;9501464619;B
20240201;104812;7060.000000000;1;9501464867;B
20240201;104821;7059.500000000;8;9501465780;B
20240201;104821;7059.500000000;8;9501465781;B
20240201;104822;7060.000000000;6;9501465888;B
20240201;104826;7060.000000000;2;9501466323;B
20240201;104830;7059.500000000;8;9501466787;B
20240201;104830;7059.500000000;70;9501466788;B
20240201;104838;7060.000000000;2;9501467428;B
20240201;104839;7060.000000000;2;9501467537;B
20240201;104842;7058.500000000;1;9501467786;S
20240201;104843;7060.000000000;6;9501468018;B
20240201;104851;7059.500000000;9;9501469100;B
20240201;104851;7060.000000000;7;9501469101;B
20240201;104859;7059.500000000;1;9501469811;B
20240201;104902;7059.000000000;1;9501470139;S
20240201;104904;7060.000000000;6;9501470332;B
20240201;104906;7060.000000000;163;9501470642;B
20240201;104906;7060.000000000;1;9501470643;B
20240201;104906;7060.000000000;1;9501470644;B
20240201;104906;7060.000000000;2;9501470645;B
20240201;104906;7060.000000000;4;9501470646;B
20240201;104906;7060.000000000;1;9501470647;B
20240201;104906;7060.000000000;1;9501470648;B
20240201;104906;7060.000000000;60;9501470649;B
20240201;104906;7060.000000000;8;9501470650;B
20240201;104912;7060.500000000;3;9501471535;B
20240201;104912;7060.000000000;1;9501471792;S
20240201;104917;7060.500000000;1;9501472250;B
20240201;104921;7060.500000000;6;9501472694;B
20240201;104921;7060.500000000;9;9501472695;B
20240201;104926;7060.500000000;6;9501473284;B
20240201;104933;7060.500000000;3;9501474245;B
20240201;104935;7060.000000000;9;9501474414;S
20240201;104947;7060.500000000;6;9501476181;B
20240201;104948;7060.500000000;1;9501476249;B
20240201;104949;7060.500000000;1;9501476311;B
20240201;104951;7060.500000000;16;9501476472;B
20240201;104953;7060.000000000;90;9501476636;S
20240201;105004;7060.000000000;1;9501477687;B
20240201;105006;7060.000000000;1;9501477905;B
20240201;105007;7058.500000000;22;9501478073;S
20240201;105007;7058.000000000;1;9501478074;S
20240201;105007;7058.000000000;5;9501478075;S
20240201;105008;7059.500000000;6;9501478265;B
20240201;105018;7058.000000000;3;9501479475;S
20240201;105018;7056.000000000;4;9501479476;S
20240201;105021;7060.000000000;8;9501479889;B
20240201;105021;7060.000000000;8;9501479890;B
20240201;105029;7060.500000000;6;9501480826;B
20240201;105043;7056.500000000;2;9501482411;S
20240201;105050;7059.500000000;5;9501483071;B
20240201;105050;7060.000000000;1;9501483072;B
20240201;105051;7060.500000000;12;9501483139;B
20240201;105051;7060.500000000;3;9501483140;B
20240201;105058;7060.000000000;1;9501483744;S
20240201;105107;7060.500000000;15;9501484365;B
20240201;105110;7060.000000000;1;9501485238;S
20240201;105111;7060.500000000;6;9501485334;B
20240201;105121;7059.500000000;1;9501486446;B
20240201;105121;7059.500000000;6;9501486447;B
20240201;105121;7059.500000000;9;9501486448;B
20240201;105130;7060.000000000;1;9501487448;B
20240201;105130;7060.000000000;4;9501487449;B
20240201;105132;7060.500000000;6;9501487645;B
20240201;105133;7060.000000000;1;9501487731;S
20240201;105136;7060.500000000;5;9501487897;B
20240201;105137;7060.000000000;44;9501488023;S
20240201;105143;7060.500000000;3;9501488501;B
20240201;105145;7059.500000000;3;9501488651;S
20240201;105151;7060.000000000;5;9501489046;B
20240201;105151;7060.000000000;11;9501489047;B
20240201;105153;7060.500000000;6;9501489258;B
20240201;105157;7059.500000000;30;9501489812;S
20240201;105214;7060.000000000;5;9501492689;B
20240201;105214;7060.000000000;1;9501492690;B
20240201;105221;7060.500000000;15;9501494071;B
20240201;105235;7059.000000000;1;9501495750;B
20240201;105235;7059.000000000;5;9501495751;B
20240201;105243;7059.500000000;3;9501496581;B
20240201;105248;7057.500000000;6;9501497011;S
20240201;105248;7057.500000000;3;9501497012;S
20240201;105251;7059.000000000;5;9501497274;B
20240201;105251;7059.000000000;6;9501497275;B
20240201;105251;7059.500000000;1;9501497276;B
20240201;105251;7059.500000000;4;9501497277;B
20240201;105257;7059.000000000;1;9501497887;B
20240201;105257;7060.000000000;5;9501497888;B
20240201;105300;7060.000000000;1;9501498217;B
20240201;105300;7060.500000000;1;9501498218;B
20240201;105308;7060.000000000;1;9501499072;B
20240201;105308;7060.000000000;9;9501499073;B
20240201;105315;7060.000000000;1;9501499591;S
20240201;105318;7060.500000000;6;9501499822;B
20240201;105321;7060.500000000;16;9501500103;B
20240201;105325;7060.500000000;30;9501500504;B
20240201;105332;7060.500000000;30;9501501263;B
20240201;105339;7060.500000000;6;9501502619;B
20240201;105351;7060.500000000;2;9501505031;B
20240201;105351;7060.500000000;10;9501505032;B
20240201;105351;7060.500000000;3;9501505033;B
20240201;105357;7060.000000000;2;9501506371;S
20240201;105400;7060.500000000;1;9501506973;B
20240201;105400;7060.500000000;5;9501506974;B
20240201;105400;7060.500000000;4;9501506981;S
20240201;105400;7061.000000000;2;9501507032;B
20240201;105403;7060.500000000;18;9501507549;S
20240201;105412;7060.000000000;2;9501509429;S
20240201;105414;7060.000000000;145;9501509751;S
20240201;105416;7060.500000000;5;9501510068;B
20240201;105420;7059.500000000;1;9501510841;S
20240201;105420;7059.500000000;80;9501510842;S
20240201;105420;7060.000000000;1;9501510933;B
20240201;105421;7060.500000000;6;9501511055;B
20240201;105421;7060.500000000;10;9501511056;B
20240201;105421;7060.500000000;6;9501511067;B
20240201;105421;7060.500000000;1;9501511106;B
20240201;105429;7059.000000000;1;9501512777;S
20240201;105436;7060.000000000;1;9501514127;B
20240201;105442;7060.000000000;5;9501515229;B
20240201;105442;7060.000000000;1;9501515230;B
20240201;105445;7060.500000000;1;9501515670;B
20240201;105451;7060.000000000;5;9501516330;B
20240201;105451;7060.500000000;11;9501516331;B
20240201;105456;7060.500000000;2;9501516884;B
20240201;105503;7061.000000000;6;9501517761;B
20240201;105503;7060.000000000;5;9501517773;S
20240201;105503;7060.000000000;2;9501517774;S
20240201;105507;7060.000000000;10;9501518125;S
20240201;105507;7060.000000000;1;9501518126;S
20240201;105507;7059.500000000;22;9501518127;S
20240201;105507;7059.000000000;74;9501518128;S
20240201;105507;7059.000000000;5;9501518129;S
20240201;105507;7058.000000000;1;9501518130;S
20240201;105507;7057.500000000;6;9501518131;S
20240201;105507;7057.000000000;10;9501518132;S
20240201;105507;7057.000000000;2;9501518133;S
20240201;105507;7057.000000000;20;9501518134;S
20240201;105511;7056.500000000;10;9501518533;B
20240201;105511;7056.500000000;15;9501518575;B
20240201;105512;7056.500000000;1;9501518750;B
20240201;105516;7056.500000000;1;9501519022;B
20240201;105519;7056.500000000;2;9501519324;B
20240201;105521;7056.500000000;15;9501519432;B
20240201;105524;7056.500000000;6;9501519792;B
20240201;105526;7056.500000000;2;9501519977;B
20240201;105534;7056.000000000;1;9501520687;S
20240201;105535;7056.000000000;10;9501520757;S
20240201;105535;7056.000000000;1;9501520758;S
20240201;105535;7056.000000000;13;9501520759;S
20240201;105535;7056.000000000;1;9501520760;S
20240201;105535;7056.000000000;4;9501520761;S
20240201;105536;7055.500000000;1;9501520915;S
20240201;105536;7055.500000000;9;9501520916;S
20240201;105540;7056.000000000;1;9501521187;B
20240201;105545;7056.500000000;6;9501521789;B
20240201;105546;7056.500000000;1;9501521793;B
20240201;105546;7056.000000000;3;9501521845;S
20240201;105551;7056.500000000;16;9501522253;B
20240201;105556;7056.500000000;1;9501522866;B
20240201;105559;7056.000000000;1;9501523117;S
20240201;105607;7056.500000000;6;9501523772;B
20240201;105618;7056.500000000;1;9501524646;B
20240201;105621;7056.500000000;16;9501525005;B
20240201;105628;7058.500000000;6;9501525735;B
20240201;105638;7058.500000000;4;9501526740;S
20240201;105644;7058.500000000;1;9501527226;S
20240201;105645;7059.000000000;2;9501527335;B
20240201;105645;7060.000000000;7;9501527336;B
20240201;105646;7060.000000000;3;9501527479;B
20240201;105649;7060.000000000;1;9501527630;B
20240201;105649;7060.500000000;5;9501527631;B
20240201;105651;7060.000000000;2;9501527968;B
20240201;105651;7060.500000000;1;9501527969;B
20240201;105651;7060.500000000;12;9501527970;B
20240201;105710;7061.000000000;6;9501529797;B
20240201;105716;7060.000000000;14;9501530481;S
20240201;105716;7060.000000000;5;9501530482;S
20240201;105716;7060.000000000;3;9501530483;S
20240201;105716;7059.000000000;1;9501530484;S
20240201;105716;7057.000000000;22;9501530485;S
20240201;105716;7057.000000000;80;9501530486;S
20240201;105716;7056.500000000;1;9501530487;S
20240201;105716;7056.500000000;14;9501530488;S
20240201;105716;7056.500000000;14;9501530489;S
20240201;105716;7055.500000000;1;9501530490;S
20240201;105716;7055.000000000;1;9501530491;S
20240201;105716;7055.000000000;10;9501530492;S
20240201;105716;7055.000000000;20;9501530493;S
20240201;105716;7054.000000000;1;9501530494;S
