<DATE>;<TIME>;<LAST>;<VOL>;<ID>;<OPER>
20240216;095948;7484.500000000;2;9618272307;S
20240216;095948;7484.500000000;3;9618272308;S
20240216;095948;7484.500000000;2;9618272309;S
20240216;095948;7484.500000000;38;9618272310;S
20240216;095948;7484.500000000;1;9618272311;S
20240216;095948;7484.500000000;10;9618272312;S
20240216;095948;7484.500000000;15;9618272313;S
20240216;095948;7484.500000000;4;9618272314;S
20240216;095948;7484.500000000;10;9618272315;S
20240216;095948;7484.500000000;12;9618272316;S
20240216;095948;7484.500000000;10;9618272317;B
20240216;095948;7484.500000000;1;9618272318;B
20240216;095948;7484.500000000;6;9618272319;B
20240216;095948;7484.500000000;3;9618272320;B
20240216;095948;7484.500000000;10;9618272321;B
20240216;095948;7484.500000000;1;9618272322;B
20240216;095948;7484.500000000;2;9618272323;B
20240216;095948;7484.500000000;1;9618272324;B
20240216;095948;7484.500000000;1;9618272325;B
20240216;095948;7484.500000000;1;9618272326;S
20240216;095948;7484.500000000;1;9618272327;B
20240216;095948;7484.500000000;30;9618272328;B
20240216;095948;7484.500000000;1;9618272329;S
20240216;095948;7484.500000000;38;9618272330;B
20240216;095948;7484.500000000;8;9618272331;B
20240216;100000;7484.000000000;5;9618274983;B
20240216;100000;7482.500000000;10;9618275280;B
20240216;100000;7483.000000000;7;9618275281;B
20240216;100000;7483.500000000;6;9618275304;B
20240216;100000;7484.000000000;1;9618275703;B
20240216;100001;7484.500000000;5;9618275862;B
20240216;100001;7484.500000000;7;9618276074;B
20240216;100001;7484.500000000;1;9618276075;B
20240216;100001;7484.000000000;14;9618276412;S
20240216;100001;7483.500000000;3;9618276413;S
20240216;100001;7486.000000000;34;9618276452;B
20240216;100002;7489.000000000;48;9618277279;B
20240216;100002;7485.000000000;10;9618277411;S
20240216;100002;7489.000000000;10;9618277482;B
20240216;100002;7489.000000000;22;9618277489;B
20240216;100002;7489.500000000;2;9618277490;B
20240216;100002;7489.500000000;81;9618277491;B
20240216;100002;7489.500000000;2;9618277492;B
20240216;100002;7489.500000000;10;9618277493;B
20240216;100002;7490.000000000;1;9618277494;B
20240216;100002;7490.000000000;1;9618277495;B
20240216;100002;7490.000000000;14;9618277496;B
20240216;100003;7490.000000000;6;9618277659;B
20240216;100004;7486.500000000;1;9618277858;S
20240216;100004;7486.000000000;2;9618277859;S
20240216;100005;7490.000000000;2;9618278397;B
20240216;100005;7489.500000000;1;9618278731;B
20240216;100005;7486.000000000;1;9618279063;S
20240216;100005;7486.000000000;1;9618279145;S
20240216;100005;7490.000000000;3;9618279147;B
20240216;100005;7491.500000000;1;9618279148;B
20240216;100005;7491.500000000;29;9618279149;B
20240216;100005;7492.000000000;9;9618279150;B
20240216;100005;7494.000000000;1;9618279151;B
20240216;100005;7494.000000000;3;9618279152;B
20240216;100005;7494.000000000;1;9618279153;B
20240216;100005;7494.000000000;3;9618279154;B
20240216;100005;7493.500000000;40;9618279452;B
20240216;100006;7494.000000000;2;9618279876;B
20240216;100006;7490.000000000;10;9618280246;S
20240216;100006;7490.000000000;5;9618280436;S
20240216;100006;7492.500000000;35;9618280584;B
20240216;100006;7493.000000000;3;9618280585;B
20240216;100006;7493.500000000;21;9618280586;B
20240216;100006;7494.000000000;41;9618280587;B
20240216;100006;7494.000000000;27;9618280588;B
20240216;100006;7494.500000000;1;9618280589;B
20240216;100006;7494.500000000;1;9618280590;B
20240216;100006;7494.500000000;4;9618280591;B
20240216;100006;7494.500000000;8;9618280745;B
20240216;100006;7492.000000000;4;9618280996;S
20240216;100006;7492.000000000;1;9618280997;S
20240216;100007;7490.000000000;1;9618281487;B
20240216;100007;7492.000000000;6;9618281488;B
20240216;100007;7494.000000000;1;9618281497;B
20240216;100008;7487.000000000;6;9618282195;S
20240216;100008;7488.500000000;43;9618282255;S
20240216;100008;7488.000000000;41;9618282256;S
20240216;100008;7487.500000000;98;9618282257;S
20240216;100008;7484.500000000;2;9618282258;S
20240216;100008;7486.500000000;10;9618282388;B
20240216;100008;7486.500000000;26;9618282389;B
20240216;100008;7486.500000000;67;9618282390;B
20240216;100008;7487.000000000;147;9618282391;B
20240216;100010;7483.500000000;3;9618283192;S
20240216;100010;7486.500000000;13;9618283297;B
20240216;100011;7484.000000000;14;9618283367;B
20240216;100011;7483.500000000;3;9618283385;S
20240216;100011;7484.000000000;1;9618283757;B
20240216;100011;7484.000000000;9;9618283766;B
20240216;100017;7484.000000000;6;9618285102;B
20240216;100017;7484.000000000;1;9618285103;B
20240216;100017;7484.500000000;2;9618285111;B
20240216;100018;7484.500000000;1;9618285260;B
20240216;100020;7484.000000000;5;9618285703;B
20240216;100020;7484.000000000;10;9618285704;B
20240216;100020;7484.500000000;1;9618285705;B
20240216;100020;7484.500000000;1;9618285706;B
20240216;100020;7484.500000000;26;9618285707;B
20240216;100020;7486.500000000;7;9618285708;B
20240216;100021;7485.500000000;14;9618285945;B
20240216;100021;7486.000000000;10;9618285946;B
20240216;100021;7486.000000000;26;9618285947;B
20240216;100022;7486.500000000;4;9618286072;B
20240216;100022;7486.500000000;17;9618286073;B
20240216;100022;7487.000000000;112;9618286074;B
20240216;100026;7487.000000000;4;9618286712;B
20240216;100026;7487.000000000;3;9618286718;B
20240216;100026;7487.000000000;3;9618286758;B
20240216;100028;7487.000000000;1;9618287289;B
20240216;100031;7487.000000000;50;9618287738;B
20240216;100034;7487.000000000;1;9618288347;B
20240216;100035;7486.500000000;2;9618288660;S
20240216;100036;7487.000000000;8;9618288762;B
20240216;100037;7486.500000000;8;9618289222;S
20240216;100039;7486.500000000;13;9618289507;S
20240216;100040;7486.500000000;4;9618289646;S
20240216;100040;7485.000000000;1;9618289647;S
20240216;100042;7486.000000000;1;9618289993;B
20240216;100042;7480.500000000;1;9618290126;S
20240216;100045;7480.500000000;3;9618290610;S
20240216;100046;7480.500000000;6;9618290911;S
20240216;100046;7482.000000000;3;9618290974;B
20240216;100054;7480.000000000;1;9618292817;S
20240216;100056;7484.000000000;9;9618293060;B
20240216;100058;7484.000000000;6;9618293664;B
20240216;100058;7480.500000000;10;9618293725;S
20240216;100100;7484.000000000;2;9618294100;B
20240216;100100;7480.000000000;2;9618294262;S
20240216;100101;7480.000000000;2;9618294362;S
20240216;100101;7480.000000000;10;9618294363;S
20240216;100101;7479.500000000;41;9618294364;S
20240216;100101;7479.000000000;20;9618294365;S
20240216;100101;7475.500000000;58;9618294366;S
20240216;100101;7475.000000000;109;9618294367;S
20240216;100101;7475.000000000;27;9618294368;S
20240216;100101;7474.500000000;8;9618294369;S
20240216;100110;7481.500000000;3;9618296117;S
20240216;100113;7480.000000000;1;9618296559;B
20240216;100117;7480.000000000;6;9618297162;B
20240216;100118;7479.500000000;8;9618297350;S
20240216;100118;7478.500000000;5;9618297351;S
20240216;100126;7477.500000000;18;9618298477;S
20240216;100126;7477.000000000;14;9618298478;S
20240216;100126;7477.000000000;10;9618298479;S
20240216;100126;7474.500000000;3;9618298480;S
20240216;100126;7474.000000000;9;9618298481;S
20240216;100126;7473.500000000;41;9618298482;S
20240216;100126;7473.500000000;5;9618298483;S
20240216;100132;7477.000000000;20;9618299297;B
20240216;100132;7477.500000000;8;9618299298;B
20240216;100132;7478.500000000;48;9618299299;B
20240216;100132;7479.000000000;20;9618299300;B
20240216;100132;7480.500000000;1;9618299301;B
20240216;100132;7481.000000000;20;9618299302;B
20240216;100132;7482.000000000;16;9618299303;B
20240216;100139;7480.000000000;100;9618300356;B
20240216;100139;7480.000000000;20;9618300357;B
20240216;100139;7482.000000000;13;9618300358;B
20240216;100143;7482.000000000;7;9618301184;B
20240216;100143;7482.000000000;10;9618301185;B
20240216;100143;7482.500000000;10;9618301186;B
20240216;100143;7484.000000000;5;9618301187;B
20240216;100143;7484.000000000;16;9618301188;B
20240216;100143;7484.500000000;20;9618301189;B
20240216;100143;7485.000000000;4;9618301190;B
20240216;100143;7485.000000000;30;9618301191;B
20240216;100143;7485.000000000;10;9618301192;B
20240216;100143;7485.000000000;5;9618301193;B
20240216;100143;7486.000000000;16;9618301194;B
20240216;100145;7485.500000000;1;9618301548;B
20240216;100147;7478.500000000;1;9618301840;S
20240216;100147;7478.500000000;1;9618301841;S
20240216;100148;7479.000000000;1;9618301956;S
20240216;100154;7478.500000000;6;9618303061;S
20240216;100154;7478.000000000;4;9618303090;S
20240216;100156;7478.000000000;5;9618303407;S
20240216;100157;7478.500000000;20;9618303611;B
20240216;100212;7477.500000000;4;9618305598;S
20240216;100212;7477.000000000;54;9618305599;S
20240216;100212;7475.500000000;7;9618305600;S
20240216;100212;7475.500000000;7;9618305601;S
20240216;100212;7475.000000000;53;9618305602;S
20240216;100220;7477.500000000;2;9618307152;S
20240216;100221;7478.500000000;4;9618307275;B
20240216;100221;7477.500000000;6;9618307298;S
20240216;100221;7477.000000000;4;9618307299;S
20240216;100231;7478.500000000;5;9618308635;B
20240216;100240;7478.000000000;15;9618309808;S
20240216;100244;7478.500000000;4;9618310320;B
20240216;100244;7478.500000000;23;9618310349;B
20240216;100246;7478.500000000;3;9618310568;B
20240216;100246;7479.500000000;3;9618310569;B
20240216;100246;7480.500000000;1;9618310570;B
20240216;100246;7482.000000000;1;9618310571;B
20240216;100246;7481.500000000;4;9618310572;B
20240216;100246;7482.000000000;6;9618310573;B
20240216;100248;7482.000000000;10;9618310793;B
20240216;100254;7479.000000000;4;9618311486;S
20240216;100254;7478.500000000;4;9618311487;S
20240216;100254;7478.500000000;12;9618311488;S
20240216;100256;7478.500000000;1;9618311737;S
20240216;100256;7481.000000000;1;9618311750;B
20240216;100258;7478.000000000;1;9618312136;S
20240216;100304;7481.000000000;4;9618313017;B
20240216;100304;7478.500000000;2;9618313101;S
20240216;100312;7481.000000000;1;9618314395;B
20240216;100314;7480.500000000;20;9618314792;B
20240216;100316;7478.000000000;5;9618314965;S
20240216;100316;7478.000000000;2;9618314966;S
20240216;100316;7477.500000000;4;9618314967;S
20240216;100316;7477.000000000;30;9618314968;S
20240216;100316;7477.000000000;5;9618314969;S
20240216;100316;7476.000000000;16;9618314970;S
20240216;100317;7480.000000000;2;9618315125;B
20240216;100330;7480.000000000;2;9618317166;B
20240216;100330;7480.000000000;1;9618317167;B
20240216;100330;7480.000000000;28;9618317168;B
20240216;100331;7480.000000000;1;9618317273;S
20240216;100341;7480.000000000;7;9618318542;S
20240216;100344;7480.000000000;11;9618319094;S
20240216;100345;7476.000000000;1;9618319179;S
20240216;100345;7476.000000000;4;9618319180;S
20240216;100351;7479.500000000;1;9618319951;B
20240216;100358;7477.000000000;1;9618320858;S
20240216;100358;7475.500000000;1;9618320859;S
20240216;100401;7478.500000000;4;9618321249;B
20240216;100401;7478.500000000;1;9618321337;S
20240216;100402;7476.000000000;1;9618321413;S
20240216;100403;7478.500000000;2;9618321515;B
20240216;100404;7476.000000000;1;9618321607;S
20240216;100406;7476.000000000;2;9618321871;S
20240216;100406;7476.000000000;1;9618321872;B
20240216;100415;7476.500000000;4;9618323130;B
20240216;100417;7476.500000000;1;9618323500;B
20240216;100421;7476.000000000;1;9618324334;S
20240216;100421;7475.500000000;4;9618324335;S
20240216;100421;7475.000000000;161;9618324336;S
20240216;100421;7475.000000000;10;9618324337;S
20240216;100421;7475.000000000;20;9618324338;S
20240216;100421;7475.000000000;1;9618324339;S
20240216;100421;7475.000000000;100;9618324340;S
20240216;100421;7475.000000000;1;9618324341;S
20240216;100422;7474.500000000;3;9618324508;B
20240216;100427;7474.500000000;6;9618325186;B
20240216;100430;7474.000000000;1;9618325744;S
20240216;100430;7474.000000000;49;9618325745;S
20240216;100430;7474.000000000;1;9618325760;S
20240216;100430;7473.500000000;4;9618325761;S
20240216;100430;7473.000000000;5;9618325762;S
20240216;100430;7472.500000000;7;9618325763;S
20240216;100430;7472.500000000;3;9618325806;S
20240216;100430;7472.000000000;3;9618325807;S
20240216;100431;7474.000000000;2;9618325875;B
20240216;100437;7474.000000000;3;9618326676;B
20240216;100443;7472.000000000;2;9618327588;S
20240216;100444;7472.000000000;2;9618327660;S
20240216;100444;7472.000000000;5;9618327661;S
20240216;100446;7474.000000000;8;9618327933;B
20240216;100446;7474.000000000;32;9618327934;S
20240216;100446;7473.500000000;1;9618328005;B
20240216;100446;7474.000000000;11;9618328006;B
20240216;100450;7472.000000000;2;9618328619;S
20240216;100450;7471.500000000;1;9618328620;S
20240216;100450;7471.500000000;1;9618328621;S
20240216;100450;7471.500000000;2;9618328622;S
20240216;100450;7471.500000000;3;9618328623;S
20240216;100450;7471.500000000;25;9618328624;S
20240216;100450;7471.500000000;3;9618328625;S
20240216;100450;7471.500000000;1;9618328626;S
20240216;100450;7471.500000000;1;9618328627;S
20240216;100450;7471.500000000;11;9618328628;S
20240216;100450;7471.500000000;1;9618328629;S
20240216;100450;7471.500000000;4;9618328630;S
20240216;100450;7471.000000000;6;9618328631;S
20240216;100450;7471.000000000;1;9618328632;S
20240216;100450;7471.000000000;99;9618328633;S
20240216;100450;7471.000000000;19;9618328634;S
20240216;100450;7470.500000000;2;9618328635;S
20240216;100450;7470.000000000;1;9618328636;S
20240216;100450;7470.000000000;1;9618328637;S
20240216;100450;7470.000000000;8;9618328638;S
20240216;100450;7470.000000000;200;9618328639;S
20240216;100450;7470.000000000;1;9618328640;S
20240216;100450;7469.500000000;20;9618328641;S
20240216;100450;7468.500000000;20;9618328642;S
20240216;100450;7467.500000000;40;9618328643;S
20240216;100450;7467.000000000;27;9618328644;S
20240216;100450;7466.500000000;20;9618328645;S
20240216;100450;7466.500000000;26;9618328646;S
20240216;100450;7465.500000000;10;9618328647;S
20240216;100450;7465.000000000;1;9618328648;S
20240216;100450;7465.000000000;1;9618328649;S
20240216;100450;7464.500000000;20;9618328650;S
20240216;100450;7463.500000000;10;9618328651;S
20240216;100450;7462.500000000;20;9618328652;S
20240216;100450;7462.000000000;10;9618328653;S
20240216;100450;7461.000000000;10;9618328654;S
20240216;100450;7460.500000000;20;9618328655;S
20240216;100450;7460.500000000;10;9618328656;S
20240216;100450;7460.000000000;1;9618328657;S
20240216;100450;7459.500000000;4;9618328658;S
20240216;100450;7459.000000000;50;9618328659;S
20240216;100450;7458.500000000;10;9618328660;S
20240216;100450;7458.500000000;20;9618328661;S
20240216;100450;7458.000000000;120;9618328662;S
20240216;100450;7457.000000000;27;9618328663;S
20240216;100450;7456.000000000;2;9618328664;S
20240216;100450;7456.000000000;10;9618328665;S
20240216;100450;7454.500000000;1;9618328666;S
20240216;100450;7454.500000000;6;9618328667;S
20240216;100450;7454.000000000;1;9618328668;S
20240216;100450;7454.000000000;22;9618328669;S
20240216;100450;7453.500000000;1;9618328670;S
20240216;100450;7453.500000000;66;9618328671;S
20240216;100450;7454.500000000;10;9618328672;S
20240216;100450;7454.000000000;56;9618328673;S
20240216;100450;7454.000000000;8;9618328674;S
20240216;100450;7453.500000000;134;9618328675;S
20240216;100450;7452.000000000;1;9618328676;S
20240216;100450;7452.000000000;1;9618328677;S
20240216;100450;7452.000000000;3;9618328678;S
20240216;100450;7452.000000000;5;9618328679;S
20240216;100450;7451.500000000;1;9618328680;S
20240216;100450;7451.500000000;1;9618328681;S
20240216;100450;7451.000000000;11;9618328682;S
20240216;100450;7454.500000000;1;9618328684;B
20240216;100450;7466.000000000;4;9618328686;B
20240216;100450;7465.000000000;10;9618328692;B
20240216;100450;7465.000000000;1;9618328693;B
20240216;100450;7462.500000000;1;9618328695;B
20240216;100450;7462.500000000;3;9618328696;B
20240216;100450;7463.000000000;20;9618328697;B
20240216;100450;7463.500000000;4;9618328698;B
20240216;100450;7465.000000000;6;9618328699;B
20240216;100450;7464.500000000;1;9618328700;B
20240216;100450;7464.500000000;19;9618328701;B
20240216;100450;7465.000000000;21;9618328702;S
20240216;100450;7465.000000000;21;9618328703;S
20240216;100450;7465.000000000;10;9618328704;S
20240216;100450;7465.000000000;9;9618328705;S
20240216;100450;7464.500000000;1;9618328706;S
20240216;100450;7464.500000000;1;9618328707;S
20240216;100450;7464.500000000;1;9618328708;S
20240216;100450;7464.500000000;1;9618328709;S
20240216;100450;7464.500000000;1;9618328710;S
20240216;100450;7464.500000000;1;9618328711;S
20240216;100450;7464.500000000;1;9618328712;S
20240216;100450;7464.500000000;1;9618328713;S
20240216;100450;7464.500000000;1;9618328714;S
20240216;100450;7464.500000000;5;9618328715;S
20240216;100450;7464.500000000;13;9618328716;S
20240216;100450;7464.500000000;12;9618328717;S
20240216;100450;7464.500000000;11;9618328718;S
20240216;100450;7464.500000000;4;9618328719;S
20240216;100450;7465.000000000;1;9618328720;B
20240216;100450;7465.000000000;19;9618328721;B
20240216;100450;7465.500000000;3;9618328722;B
20240216;100450;7465.000000000;3;9618328723;S
20240216;100450;7465.500000000;5;9618328724;B
20240216;100450;7467.000000000;20;9618328725;B
20240216;100450;7467.000000000;15;9618328726;S
20240216;100450;7465.500000000;5;9618328727;B
20240216;100450;7467.500000000;10;9618328728;B
20240216;100450;7467.500000000;3;9618328729;B
20240216;100450;7467.000000000;1;9618328733;B
20240216;100450;7466.500000000;1;9618328734;S
20240216;100450;7467.500000000;5;9618328736;B
20240216;100450;7467.500000000;4;9618328737;B
20240216;100450;7467.000000000;20;9618328738;S
20240216;100450;7467.000000000;5;9618328746;S
20240216;100450;7467.000000000;4;9618328758;S
20240216;100450;7467.000000000;5;9618328759;S
20240216;100450;7467.000000000;1;9618328760;S
20240216;100450;7467.000000000;5;9618328761;S
20240216;100450;7467.000000000;6;9618328762;S
20240216;100450;7467.000000000;2;9618328764;S
20240216;100450;7467.000000000;12;9618328767;S
20240216;100450;7467.000000000;20;9618328768;S
20240216;100450;7467.000000000;20;9618328769;S
20240216;100450;7467.000000000;4;9618328770;S
20240216;100450;7467.000000000;8;9618328771;S
20240216;100450;7467.000000000;1;9618328772;S
20240216;100450;7466.500000000;4;9618328773;S
20240216;100450;7466.500000000;11;9618328774;S
20240216;100450;7466.500000000;3;9618328775;S
20240216;100450;7464.500000000;4;9618328776;S
20240216;100450;7464.000000000;2;9618328777;S
20240216;100450;7458.500000000;17;9618328778;S
20240216;100450;7459.000000000;3;9618328795;S
20240216;100450;7459.000000000;3;9618328799;S
20240216;100450;7459.000000000;20;9618328800;S
20240216;100450;7458.500000000;5;9618328801;S
20240216;100450;7458.500000000;1;9618328807;S
20240216;100450;7458.000000000;9;9618328808;S
20240216;100450;7458.000000000;13;9618328809;S
20240216;100451;7458.000000000;4;9618328814;S
20240216;100451;7465.000000000;3;9618328819;B
20240216;100451;7465.000000000;1;9618328821;B
20240216;100451;7462.000000000;1;9618328848;S
20240216;100451;7460.500000000;2;9618328867;S
20240216;100451;7465.000000000;4;9618328872;B
20240216;100451;7465.000000000;16;9618328873;S
20240216;100451;7464.000000000;3;9618328874;S
20240216;100451;7462.500000000;20;9618328875;S
20240216;100451;7460.000000000;1;9618328876;S
20240216;100451;7458.500000000;4;9618328877;S
20240216;100451;7458.000000000;10;9618328878;S
20240216;100451;7458.000000000;11;9618328879;S
20240216;100500;7460.500000000;2;9618330201;S
20240216;100501;7460.500000000;1;9618330416;S
20240216;100501;7460.000000000;3;9618330417;S
20240216;100501;7460.000000000;4;9618330418;S
20240216;100501;7459.500000000;2;9618330419;S
20240216;100501;7459.500000000;46;9618330420;S
20240216;100501;7459.500000000;18;9618330421;S
20240216;100507;7464.000000000;1;9618331425;B
20240216;100507;7462.000000000;1;9618331561;S
20240216;100514;7460.000000000;3;9618332655;S
20240216;100514;7460.000000000;8;9618332656;S
20240216;100514;7459.500000000;41;9618332657;S
20240216;100514;7459.000000000;1;9618332658;S
20240216;100514;7459.000000000;16;9618332659;S
20240216;100518;7458.000000000;1;9618333546;B
20240216;100519;7459.500000000;1;9618333588;B
20240216;100519;7457.500000000;3;9618333606;S
20240216;100521;7460.500000000;4;9618334130;B
20240216;100521;7461.000000000;41;9618334131;B
20240216;100521;7461.000000000;9;9618334132;B
20240216;100521;7461.000000000;3;9618334133;B
20240216;100521;7461.500000000;43;9618334134;B
20240216;100521;7461.500000000;7;9618334146;B
20240216;100522;7465.000000000;1;9618334307;B
20240216;100523;7464.500000000;2;9618334328;B
20240216;100526;7464.000000000;2;9618334864;S
20240216;100526;7462.500000000;2;9618334865;S
20240216;100526;7462.500000000;4;9618334866;S
20240216;100526;7462.000000000;20;9618334867;S
20240216;100526;7460.000000000;12;9618334868;S
20240216;100526;7460.000000000;1;9618334869;S
20240216;100526;7459.500000000;41;9618334870;S
20240216;100526;7459.000000000;20;9618334871;S
20240216;100526;7458.500000000;26;9618334872;S
20240216;100526;7458.000000000;10;9618334873;S
20240216;100526;7457.500000000;40;9618334874;S
20240216;100526;7456.500000000;10;9618334875;S
20240216;100526;7456.500000000;20;9618334876;S
20240216;100526;7455.000000000;1;9618334877;S
20240216;100526;7455.000000000;20;9618334878;S
20240216;100526;7454.500000000;10;9618334879;S
20240216;100526;7454.000000000;1;9618334880;S
20240216;100526;7454.000000000;1;9618334881;S
20240216;100526;7453.000000000;10;9618334882;S
20240216;100526;7452.500000000;20;9618334883;S
20240216;100526;7451.500000000;10;9618334884;S
20240216;100526;7451.500000000;150;9618334885;S
20240216;100526;7456.500000000;3;9618334901;S
20240216;100526;7456.500000000;2;9618334903;B
20240216;100527;7459.500000000;4;9618335003;B
20240216;100529;7460.000000000;80;9618335215;S
20240216;100531;7460.500000000;4;9618335587;S
20240216;100531;7460.500000000;1;9618335588;S
20240216;100532;7460.000000000;30;9618335747;S
20240216;100534;7460.000000000;1;9618336074;S
20240216;100535;7460.000000000;10;9618336142;S
20240216;100536;7460.000000000;20;9618336264;S
20240216;100537;7462.500000000;1;9618336402;B
20240216;100544;7460.500000000;2;9618337356;S
20240216;100544;7460.500000000;3;9618337357;S
20240216;100544;7460.500000000;1;9618337358;S
20240216;100544;7460.000000000;4;9618337359;S
20240216;100545;7460.000000000;2;9618337582;S
20240216;100546;7460.000000000;10;9618337597;S
20240216;100548;7461.000000000;1;9618337901;B
20240216;100548;7460.000000000;10;9618337929;S
20240216;100548;7461.000000000;3;9618337955;B
20240216;100549;7460.000000000;4;9618338067;S
20240216;100550;7460.000000000;47;9618338127;S
20240216;100556;7460.000000000;1;9618338851;S
20240216;100557;7461.000000000;20;9618339015;B
20240216;100601;7460.000000000;150;9618339626;S
20240216;100606;7460.000000000;1;9618340191;S
20240216;100608;7460.500000000;1;9618340564;B
20240216;100611;7461.000000000;2;9618340921;B
20240216;100611;7460.000000000;10;9618340936;S
20240216;100611;7460.000000000;1;9618340994;S
20240216;100612;7461.500000000;1;9618341019;B
20240216;100614;7462.000000000;1;9618341553;B
20240216;100615;7461.000000000;1;9618341613;S
20240216;100615;7461.000000000;3;9618341614;S
20240216;100615;7461.000000000;14;9618341615;S
20240216;100615;7460.500000000;140;9618341616;S
20240216;100615;7460.000000000;42;9618341617;S
20240216;100615;7460.000000000;10;9618341719;S
20240216;100615;7460.000000000;63;9618341721;S
20240216;100615;7460.000000000;10;9618341722;S
20240216;100615;7460.000000000;5;9618341723;S
20240216;100615;7460.000000000;5;9618341724;S
20240216;100615;7460.000000000;17;9618341725;S
20240216;100616;7460.000000000;1;9618341830;S
20240216;100617;7460.000000000;2;9618342007;S
20240216;100619;7460.000000000;1;9618342269;S
20240216;100619;7460.000000000;1;9618342270;S
20240216;100619;7459.500000000;5;9618342271;S
20240216;100619;7459.500000000;5;9618342272;S
20240216;100619;7459.500000000;3;9618342273;S
20240216;100619;7458.000000000;10;9618342274;S
20240216;100619;7457.000000000;2;9618342275;S
20240216;100619;7457.000000000;10;9618342276;S
20240216;100619;7455.000000000;1;9618342277;S
20240216;100619;7454.500000000;10;9618342278;S
20240216;100619;7454.000000000;1;9618342279;S
20240216;100619;7453.500000000;5;9618342280;S
20240216;100619;7453.500000000;20;9618342281;S
20240216;100619;7453.000000000;10;9618342282;S
20240216;100619;7453.000000000;5;9618342283;S
20240216;100619;7453.000000000;11;9618342284;S
20240216;100624;7453.500000000;1;9618342997;S
20240216;100627;7453.000000000;1;9618343399;S
20240216;100629;7455.500000000;1;9618343799;B
20240216;100629;7453.500000000;2;9618343854;S
20240216;100630;7455.500000000;1;9618343937;B
20240216;100631;7455.000000000;2;9618344249;B
20240216;100632;7455.000000000;3;9618344401;B
20240216;100633;7453.500000000;3;9618344556;S
20240216;100633;7453.500000000;3;9618344557;S
20240216;100633;7453.000000000;2;9618344558;S
20240216;100633;7452.500000000;5;9618344559;S
20240216;100633;7452.500000000;5;9618344560;S
20240216;100633;7452.500000000;1;9618344561;S
20240216;100633;7452.500000000;2;9618344562;S
20240216;100633;7452.000000000;10;9618344563;S
20240216;100633;7452.000000000;10;9618344564;S
20240216;100633;7452.000000000;1;9618344565;S
20240216;100633;7452.000000000;26;9618344566;S
20240216;100633;7451.500000000;20;9618344567;S
20240216;100633;7451.000000000;59;9618344568;S
20240216;100633;7451.000000000;1;9618344569;S
20240216;100633;7450.500000000;1;9618344570;S
20240216;100633;7450.500000000;10;9618344571;S
20240216;100633;7450.500000000;10;9618344572;S
20240216;100633;7450.500000000;20;9618344573;S
20240216;100633;7450.500000000;40;9618344574;S
20240216;100633;7450.500000000;14;9618344575;S
20240216;100633;7450.000000000;2;9618344576;S
20240216;100633;7450.000000000;100;9618344577;S
20240216;100633;7450.000000000;1;9618344578;S
20240216;100633;7450.000000000;50;9618344579;S
20240216;100633;7450.000000000;5;9618344580;S
20240216;100633;7450.000000000;15;9618344581;S
20240216;100633;7450.000000000;25;9618344582;S
20240216;100633;7450.000000000;2;9618344583;S
20240216;100633;7450.000000000;1;9618344584;S
20240216;100633;7450.000000000;22;9618344585;S
20240216;100633;7450.000000000;10;9618344586;S
20240216;100633;7450.000000000;5;9618344587;S
20240216;100633;7450.000000000;10;9618344588;S
20240216;100633;7450.000000000;96;9618344589;S
20240216;100633;7451.000000000;8;9618344596;S
20240216;100633;7450.500000000;1;9618344599;S
20240216;100633;7450.500000000;3;9618344638;S
20240216;100633;7450.500000000;2;9618344639;S
20240216;100633;7450.500000000;8;9618344664;S
20240216;100634;7450.500000000;10;9618344770;S
20240216;100634;7450.500000000;2;9618344778;S
20240216;100634;7450.000000000;2;9618344779;S
20240216;100634;7450.500000000;6;9618344797;S
20240216;100636;7450.000000000;10;9618344993;S
20240216;100636;7452.000000000;1;9618345035;B
20240216;100637;7450.000000000;4;9618345197;S
20240216;100637;7450.000000000;3;9618345198;S
20240216;100637;7450.000000000;1;9618345199;S
20240216;100637;7450.000000000;1;9618345200;S
20240216;100639;7450.500000000;7;9618345438;B
20240216;100640;7450.500000000;1;9618345589;B
20240216;100642;7450.500000000;40;9618346126;B
20240216;100642;7450.500000000;5;9618346127;B
20240216;100642;7450.500000000;7;9618346128;B
20240216;100642;7451.000000000;1;9618346193;S
20240216;100646;7452.000000000;2;9618347099;B
20240216;100646;7452.500000000;3;9618347100;B
20240216;100646;7453.500000000;3;9618347308;B
20240216;100646;7454.500000000;7;9618347309;B
20240216;100646;7453.000000000;1;9618347356;S
20240216;100649;7453.000000000;2;9618347741;S
20240216;100649;7452.000000000;3;9618347742;S
20240216;100649;7451.500000000;2;9618347743;S
20240216;100649;7451.000000000;3;9618347744;S
20240216;100649;7451.000000000;1;9618347745;S
20240216;100649;7451.000000000;1;9618347746;S
20240216;100649;7450.500000000;18;9618347747;S
20240216;100657;7454.500000000;1;9618348779;B
20240216;100701;7455.000000000;1;9618349477;B
20240216;100702;7453.000000000;10;9618349536;S
20240216;100702;7455.000000000;7;9618349538;B
20240216;100702;7453.000000000;3;9618349550;S
20240216;100702;7451.000000000;4;9618349551;S
20240216;100702;7451.000000000;1;9618349552;S
20240216;100702;7450.500000000;2;9618349553;S
20240216;100702;7450.500000000;41;9618349554;S
20240216;100702;7450.500000000;1;9618349555;S
20240216;100702;7450.000000000;10;9618349556;S
20240216;100702;7450.000000000;10;9618349557;S
20240216;100702;7450.000000000;5;9618349558;S
20240216;100702;7450.000000000;87;9618349559;S
20240216;100706;7450.500000000;1;9618350044;S
20240216;100706;7450.500000000;1;9618350045;S
20240216;100707;7453.500000000;4;9618350121;B
20240216;100717;7452.000000000;1;9618351480;S
20240216;100721;7451.500000000;10;9618352069;S
20240216;100722;7452.000000000;2;9618352252;S
20240216;100722;7451.500000000;18;9618352253;B
20240216;100724;7454.000000000;5;9618352506;B
20240216;100726;7455.000000000;4;9618352761;B
20240216;100726;7455.000000000;1;9618352770;B
20240216;100728;7455.000000000;8;9618352951;B
20240216;100728;7456.000000000;3;9618352952;B
20240216;100728;7456.000000000;7;9618352953;B
20240216;100730;7460.000000000;10;9618353392;B
20240216;100730;7460.500000000;12;9618353393;B
20240216;100730;7461.000000000;2;9618353394;B
20240216;100730;7461.000000000;10;9618353395;B
20240216;100730;7461.000000000;1;9618353396;B
20240216;100745;7463.500000000;2;9618355783;B
20240216;100745;7464.000000000;1;9618355784;B
20240216;100745;7464.000000000;1;9618355785;B
20240216;100749;7464.000000000;1;9618356333;B
20240216;100750;7463.500000000;1;9618356485;B
20240216;100803;7463.000000000;5;9618358018;B
20240216;100804;7463.000000000;1;9618358210;B
20240216;100807;7460.500000000;1;9618358539;S
20240216;100807;7460.000000000;4;9618358540;S
20240216;100807;7459.500000000;5;9618358541;S
20240216;100807;7462.000000000;4;9618358562;B
20240216;100807;7462.500000000;5;9618358563;B
20240216;100807;7462.500000000;5;9618358564;B
20240216;100807;7462.500000000;2;9618358565;B
20240216;100807;7463.000000000;4;9618358566;B
20240216;100807;7463.000000000;20;9618358567;B
20240216;100807;7463.000000000;5;9618358607;B
20240216;100814;7461.000000000;1;9618359468;S
20240216;100815;7461.000000000;1;9618359581;S
20240216;100817;7461.500000000;1;9618359881;S
20240216;100825;7463.000000000;2;9618360959;B
20240216;100825;7463.000000000;3;9618360960;B
20240216;100826;7463.000000000;2;9618361090;B
20240216;100826;7463.000000000;2;9618361091;S
20240216;100826;7463.500000000;15;9618361135;B
20240216;100828;7463.500000000;9;9618361298;B
20240216;100828;7464.000000000;1;9618361299;B
20240216;100830;7464.000000000;1;9618361564;B
20240216;100830;7464.000000000;18;9618361565;B
20240216;100830;7464.000000000;1;9618361566;B
20240216;100830;7464.000000000;2;9618361567;B
20240216;100830;7465.000000000;4;9618361568;B
20240216;100830;7465.500000000;20;9618361569;B
20240216;100830;7465.500000000;15;9618361570;B
20240216;100830;7467.000000000;26;9618361612;B
20240216;100830;7467.500000000;4;9618361613;B
20240216;100830;7465.000000000;4;9618361623;S
20240216;100830;7464.000000000;2;9618361624;S
20240216;100830;7464.000000000;4;9618361625;S
20240216;100833;7465.000000000;1;9618362107;S
20240216;100841;7465.000000000;1;9618363410;S
20240216;100841;7464.500000000;2;9618363411;S
20240216;100843;7466.500000000;1;9618363694;B
20240216;100844;7464.500000000;1;9618363801;S
20240216;100844;7466.000000000;6;9618363883;B
20240216;100844;7466.500000000;7;9618363884;B
20240216;100846;7466.500000000;7;9618364167;B
20240216;100846;7466.500000000;6;9618364168;B
20240216;100847;7465.000000000;1;9618364429;S
20240216;100851;7464.500000000;1;9618364898;S
20240216;100854;7467.500000000;2;9618365261;B
20240216;100854;7468.000000000;2;9618365262;B
20240216;100854;7468.000000000;16;9618365263;B
20240216;100856;7468.000000000;7;9618365604;B
20240216;100859;7466.500000000;1;9618366017;S
20240216;100859;7466.500000000;3;9618366018;S
20240216;100908;7466.500000000;1;9618367118;B
20240216;100910;7465.500000000;1;9618367294;S
20240216;100911;7465.500000000;41;9618367407;S
20240216;100911;7465.000000000;1;9618367408;S
20240216;100911;7465.000000000;8;9618367409;S
20240216;100912;7466.500000000;5;9618367568;B
20240216;100912;7467.000000000;2;9618367569;B
20240216;100912;7467.500000000;4;9618367570;B
20240216;100912;7468.500000000;9;9618367571;B
20240216;100917;7468.500000000;14;9618368164;B
20240216;100921;7468.500000000;3;9618368612;B
20240216;100923;7468.500000000;2;9618368848;S
20240216;100928;7468.500000000;83;9618369501;S
20240216;100928;7467.500000000;2;9618369502;S
20240216;100928;7467.000000000;4;9618369503;S
20240216;100928;7465.500000000;19;9618369504;S
20240216;100935;7468.000000000;4;9618370187;B
20240216;100935;7468.000000000;2;9618370188;B
20240216;100935;7468.500000000;10;9618370189;B
20240216;100935;7468.500000000;6;9618370190;B
20240216;100935;7469.500000000;20;9618370191;B
20240216;100935;7470.000000000;5;9618370192;B
20240216;100935;7470.000000000;3;9618370193;B
20240216;100935;7470.500000000;53;9618370194;B
20240216;100935;7471.000000000;20;9618370195;B
20240216;100935;7471.500000000;17;9618370196;B
20240216;100937;7468.000000000;4;9618370518;S
20240216;100937;7467.000000000;2;9618370519;S
20240216;100937;7467.000000000;12;9618370520;S
20240216;100937;7466.000000000;4;9618370521;S
20240216;100937;7465.500000000;41;9618370522;S
20240216;100937;7465.500000000;58;9618370523;S
20240216;100937;7465.000000000;29;9618370524;S
20240216;100947;7469.000000000;4;9618371488;B
20240216;100952;7466.500000000;4;9618373030;S
20240216;100952;7466.500000000;1;9618373031;S
20240216;100952;7466.000000000;4;9618373047;S
20240216;100952;7465.500000000;1;9618373048;S
20240216;100953;7468.500000000;1;9618373530;B
20240216;101007;7465.500000000;1;9618375562;S
20240216;101010;7465.000000000;9;9618375879;S
20240216;101010;7465.000000000;1;9618375898;S
20240216;101013;7466.500000000;6;9618376318;B
20240216;101013;7467.000000000;25;9618376319;B
20240216;101016;7466.500000000;1;9618376820;S
20240216;101017;7466.500000000;1;9618376880;S
20240216;101023;7467.000000000;1;9618377797;B
20240216;101032;7467.000000000;1;9618378742;S
20240216;101041;7468.000000000;1;9618380157;B
20240216;101054;7468.000000000;25;9618381402;B
20240216;101056;7468.000000000;5;9618381560;B
20240216;101056;7468.000000000;1;9618381561;B
20240216;101100;7468.500000000;1;9618382076;B
20240216;101105;7468.500000000;1;9618382582;S
20240216;101105;7468.500000000;5;9618382610;S
20240216;101124;7468.500000000;1;9618384964;S
20240216;101124;7468.500000000;3;9618384965;S
20240216;101124;7468.500000000;1;9618384966;S
20240216;101124;7468.500000000;5;9618384967;S
20240216;101136;7468.500000000;2;9618386824;B
20240216;101136;7468.500000000;4;9618386825;B
20240216;101136;7468.500000000;4;9618386826;B
20240216;101139;7468.500000000;1;9618387219;B
20240216;101140;7468.500000000;1;9618387416;B
20240216;101141;7468.000000000;1;9618387482;S
20240216;101141;7468.500000000;5;9618387619;B
20240216;101141;7468.500000000;5;9618387620;B
20240216;101152;7468.000000000;1;9618388874;S
20240216;101153;7468.000000000;20;9618388970;S
20240216;101155;7468.000000000;15;9618389287;S
20240216;101156;7468.500000000;2;9618389335;B
20240216;101158;7469.000000000;1;9618389678;B
20240216;101201;7469.500000000;1;9618390093;B
20240216;101206;7469.500000000;1;9618390899;B
20240216;101210;7469.000000000;1;9618391454;B
20240216;101210;7469.500000000;1;9618391455;B
20240216;101211;7468.000000000;10;9618391587;S
20240216;101214;7469.000000000;5;9618391961;B
20240216;101214;7469.000000000;5;9618392013;B
20240216;101214;7469.500000000;6;9618392014;B
20240216;101215;7468.500000000;1;9618392099;S
20240216;101215;7468.000000000;24;9618392100;S
20240216;101220;7468.000000000;2;9618392909;S
20240216;101224;7468.000000000;10;9618393417;S
20240216;101225;7468.500000000;1;9618393512;B
20240216;101247;7469.000000000;2;9618396072;B
20240216;101247;7469.000000000;1;9618396073;B
20240216;101248;7468.000000000;5;9618396174;S
20240216;101250;7468.000000000;4;9618396413;S
20240216;101259;7468.000000000;76;9618397559;S
20240216;101259;7468.000000000;49;9618397560;S
20240216;101259;7468.000000000;1;9618397561;S
20240216;101259;7468.000000000;8;9618397562;S
20240216;101259;7468.000000000;7;9618397563;S
20240216;101259;7468.000000000;10;9618397564;S
20240216;101259;7467.000000000;3;9618397565;S
20240216;101259;7467.000000000;1;9618397566;S
20240216;101259;7466.500000000;23;9618397567;S
20240216;101259;7466.500000000;10;9618397568;S
20240216;101259;7465.000000000;53;9618397569;S
20240216;101259;7465.000000000;5;9618397570;S
20240216;101259;7465.000000000;1;9618397571;S
20240216;101259;7464.000000000;10;9618397572;S
20240216;101259;7463.000000000;11;9618397573;S
20240216;101259;7463.000000000;18;9618397574;S
20240216;101259;7461.500000000;5;9618397591;S
20240216;101300;7461.000000000;1;9618397712;S
20240216;101302;7464.500000000;1;9618397947;B
20240216;101313;7463.500000000;1;9618399054;B
20240216;101313;7463.500000000;4;9618399141;B
20240216;101316;7461.000000000;1;9618399362;S
20240216;101323;7465.000000000;41;9618400319;B
20240216;101323;7465.500000000;4;9618400320;B
20240216;101323;7465.500000000;80;9618400321;B
20240216;101323;7466.000000000;4;9618400322;B
20240216;101323;7466.500000000;8;9618400323;B
20240216;101323;7467.000000000;20;9618400324;B
20240216;101323;7468.000000000;5;9618400325;B
20240216;101323;7468.000000000;22;9618400326;B
20240216;101323;7469.000000000;4;9618400327;B
20240216;101323;7469.000000000;80;9618400328;B
20240216;101323;7469.500000000;1;9618400329;B
20240216;101323;7470.000000000;15;9618400330;B
20240216;101323;7470.000000000;20;9618400331;B
20240216;101323;7470.000000000;1;9618400332;S
20240216;101323;7471.500000000;3;9618400333;B
20240216;101325;7471.000000000;5;9618400593;S
20240216;101330;7472.500000000;1;9618401112;B
20240216;101333;7472.500000000;1;9618401312;B
20240216;101333;7472.500000000;1;9618401313;B
20240216;101336;7472.000000000;2;9618401656;S
20240216;101340;7473.500000000;1;9618402343;B
20240216;101342;7473.500000000;1;9618402680;B
20240216;101342;7474.000000000;10;9618402681;B
20240216;101342;7474.000000000;2;9618402682;B
20240216;101342;7474.500000000;2;9618402683;B
20240216;101346;7476.500000000;2;9618403429;B
20240216;101346;7476.500000000;28;9618403481;B
20240216;101346;7477.000000000;20;9618403482;B
20240216;101346;7477.000000000;4;9618403483;B
20240216;101346;7478.000000000;10;9618403484;B
20240216;101346;7478.000000000;4;9618403485;B
20240216;101346;7479.000000000;14;9618403486;B
20240216;101348;7475.000000000;1;9618403843;B
20240216;101349;7474.500000000;1;9618403852;B
20240216;101350;7474.500000000;1;9618404068;S
20240216;101350;7474.500000000;1;9618404078;S
20240216;101353;7474.000000000;1;9618404374;S
20240216;101356;7475.500000000;6;9618404626;B
20240216;101357;7476.000000000;3;9618404798;B
20240216;101403;7474.500000000;17;9618405610;B
20240216;101403;7475.000000000;2;9618405611;B
20240216;101403;7475.500000000;20;9618405612;B
20240216;101403;7476.000000000;1;9618405613;B
20240216;101403;7477.000000000;3;9618405614;B
20240216;101403;7477.000000000;2;9618405615;B
20240216;101403;7477.500000000;20;9618405616;B
20240216;101403;7477.500000000;4;9618405617;B
20240216;101403;7478.000000000;20;9618405618;B
20240216;101403;7478.000000000;80;9618405619;B
20240216;101403;7479.000000000;58;9618405620;B
20240216;101403;7479.500000000;36;9618405621;B
20240216;101403;7479.500000000;10;9618405622;B
20240216;101403;7479.500000000;2;9618405623;B
20240216;101403;7480.000000000;20;9618405624;B
20240216;101403;7480.000000000;26;9618405625;B
20240216;101403;7480.000000000;1;9618405640;S
20240216;101408;7480.500000000;1;9618406192;B
20240216;101415;7480.000000000;1;9618406968;S
20240216;101423;7478.000000000;4;9618408026;S
20240216;101423;7477.500000000;12;9618408027;S
20240216;101427;7479.000000000;1;9618408664;B
20240216;101430;7477.000000000;1;9618408940;S
20240216;101434;7478.500000000;2;9618409508;B
20240216;101437;7478.500000000;3;9618409875;B
20240216;101440;7477.000000000;1;9618410393;S
20240216;101441;7478.500000000;5;9618410429;B
20240216;101441;7478.500000000;5;9618410430;B
20240216;101441;7478.500000000;3;9618410431;B
20240216;101441;7479.000000000;10;9618410432;B
20240216;101441;7479.500000000;20;9618410433;B
20240216;101442;7480.000000000;10;9618410631;S
20240216;101443;7480.500000000;1;9618410792;B
20240216;101446;7481.000000000;1;9618411143;B
20240216;101447;7481.500000000;2;9618411263;B
20240216;101447;7481.500000000;41;9618411264;B
20240216;101447;7482.000000000;30;9618411265;B
20240216;101447;7482.500000000;13;9618411266;B
20240216;101447;7482.500000000;5;9618411267;B
20240216;101447;7483.500000000;1;9618411268;B
20240216;101447;7484.000000000;10;9618411269;B
20240216;101447;7484.000000000;6;9618411270;B
20240216;101447;7481.000000000;15;9618411329;S
20240216;101450;7483.500000000;1;9618411856;B
20240216;101453;7481.500000000;1;9618412185;S
20240216;101453;7481.500000000;1;9618412208;S
20240216;101454;7481.500000000;1;9618412298;S
20240216;101456;7482.000000000;1;9618412649;B
20240216;101458;7482.000000000;1;9618412879;B
20240216;101458;7482.000000000;3;9618412892;B
20240216;101502;7481.500000000;1;9618413399;S
20240216;101502;7481.500000000;1;9618413518;S
20240216;101503;7481.500000000;20;9618413675;B
20240216;101503;7481.500000000;10;9618413676;B
20240216;101505;7481.500000000;3;9618414070;B
20240216;101508;7481.500000000;17;9618415187;B
20240216;101508;7482.000000000;5;9618415188;B
20240216;101510;7482.000000000;5;9618415729;S
20240216;101511;7482.000000000;5;9618415814;S
20240216;101514;7482.500000000;1;9618416172;B
20240216;101514;7482.500000000;1;9618416256;B
20240216;101514;7482.000000000;10;9618416320;S
20240216;101516;7481.500000000;1;9618416525;S
20240216;101530;7481.500000000;3;9618418771;B
20240216;101531;7481.000000000;1;9618418942;S
20240216;101531;7481.500000000;1;9618419078;B
20240216;101535;7481.500000000;1;9618419882;B
20240216;101536;7481.000000000;1;9618419936;S
20240216;101536;7481.000000000;1;9618419937;S
20240216;101536;7481.000000000;1;9618419938;S
20240216;101540;7480.000000000;1;9618420582;S
20240216;101540;7477.500000000;1;9618420583;S
20240216;101540;7477.500000000;2;9618420584;S
20240216;101543;7479.500000000;1;9618421297;B
20240216;101545;7477.500000000;1;9618421498;S
20240216;101545;7477.500000000;4;9618421499;S
20240216;101546;7476.500000000;1;9618421823;S
20240216;101549;7479.000000000;1;9618422208;B
20240216;101549;7479.000000000;3;9618422325;B
20240216;101549;7479.000000000;9;9618422326;B
20240216;101549;7479.000000000;3;9618422327;B
20240216;101557;7479.000000000;2;9618423699;B
20240216;101557;7479.500000000;3;9618423700;B
20240216;101601;7477.500000000;1;9618424536;S
20240216;101610;7480.000000000;4;9618426188;B
20240216;101611;7480.500000000;7;9618426337;B
20240216;101616;7477.000000000;3;9618427148;S
20240216;101616;7477.000000000;38;9618427149;S
20240216;101621;7477.500000000;20;9618428119;S
20240216;101621;7477.500000000;4;9618428120;S
20240216;101621;7477.500000000;1;9618428121;S
20240216;101624;7477.500000000;1;9618428721;S
20240216;101625;7478.000000000;1;9618428862;B
20240216;101635;7478.000000000;7;9618430333;B
20240216;101635;7478.000000000;3;9618430334;B
20240216;101643;7476.500000000;1;9618431778;S
20240216;101651;7476.500000000;4;9618433092;S
20240216;101701;7476.500000000;1;9618434748;S
20240216;101703;7476.000000000;2;9618435094;S
20240216;101703;7476.000000000;80;9618435095;S
20240216;101703;7476.000000000;4;9618435096;S
20240216;101703;7475.500000000;40;9618435097;S
20240216;101703;7475.500000000;9;9618435098;S
20240216;101709;7475.500000000;1;9618435894;S
20240216;101709;7475.500000000;4;9618435895;S
20240216;101709;7475.500000000;5;9618435896;S
20240216;101713;7477.500000000;2;9618436517;B
20240216;101726;7476.000000000;10;9618438696;S
20240216;101726;7476.000000000;4;9618438697;S
20240216;101726;7475.000000000;11;9618438698;S
20240216;101726;7477.500000000;1;9618438743;B
20240216;101728;7477.500000000;1;9618439385;B
20240216;101729;7475.000000000;12;9618439495;S
20240216;101729;7475.000000000;4;9618439496;S
20240216;101735;7473.500000000;4;9618440427;B
20240216;101735;7473.500000000;6;9618440428;B
20240216;101744;7474.500000000;1;9618442119;B
20240216;101744;7473.000000000;3;9618442158;S
20240216;101744;7472.500000000;12;9618442159;S
20240216;101747;7473.500000000;6;9618442600;B
20240216;101748;7473.000000000;4;9618442868;B
20240216;101749;7472.000000000;10;9618443187;S
20240216;101749;7472.000000000;20;9618443188;S
20240216;101749;7471.500000000;1;9618443189;S
20240216;101749;7471.000000000;1;9618443190;S
20240216;101749;7471.000000000;1;9618443191;S
20240216;101749;7471.000000000;1;9618443192;S
20240216;101749;7471.000000000;20;9618443193;S
20240216;101750;7471.500000000;6;9618443248;S
20240216;101753;7472.500000000;1;9618443877;B
20240216;101759;7472.500000000;5;9618444897;B
20240216;101800;7471.000000000;1;9618445069;S
20240216;101800;7469.500000000;1;9618445070;S
20240216;101801;7469.000000000;10;9618445165;S
20240216;101804;7471.000000000;4;9618445849;B
20240216;101804;7472.000000000;5;9618445850;B
20240216;101804;7472.000000000;80;9618445851;B
20240216;101804;7473.000000000;111;9618445852;B
20240216;101808;7473.000000000;2;9618446664;B
20240216;101810;7470.500000000;1;9618446946;S
20240216;101815;7472.000000000;1;9618447876;B
20240216;101824;7472.500000000;1;9618449351;B
20240216;101837;7472.500000000;21;9618452691;B
20240216;101851;7471.500000000;10;9618455707;S
20240216;101851;7471.000000000;10;9618455708;S
20240216;101851;7471.000000000;10;9618455709;S
20240216;101853;7471.000000000;1;9618456167;B
20240216;101853;7471.000000000;1;9618456199;B
20240216;101854;7471.000000000;1;9618456384;B
20240216;101855;7470.500000000;1;9618456404;S
20240216;101858;7471.000000000;10;9618457027;B
20240216;101905;7471.000000000;150;9618458055;B
20240216;101909;7470.500000000;1;9618458715;S
20240216;101909;7470.500000000;10;9618458716;S
20240216;101912;7470.500000000;5;9618459312;S
20240216;101913;7471.000000000;1;9618459501;B
20240216;101923;7470.500000000;5;9618461287;S
20240216;101929;7470.500000000;3;9618462312;B
20240216;101931;7470.000000000;1;9618462711;S
20240216;101932;7470.000000000;3;9618462798;S
20240216;101932;7470.000000000;1;9618462799;S
20240216;101932;7470.000000000;3;9618462800;S
20240216;101932;7470.000000000;23;9618462801;S
20240216;101934;7470.000000000;7;9618463187;S
20240216;101944;7470.000000000;1;9618464958;S
20240216;101946;7469.500000000;1;9618465450;B
20240216;101949;7469.000000000;9;9618465911;S
20240216;101949;7469.000000000;4;9618465912;S
20240216;101950;7469.500000000;2;9618466178;B
20240216;101956;7469.500000000;10;9618467244;B
20240216;102007;7469.500000000;3;9618469106;B
20240216;102009;7469.500000000;1;9618469311;B
20240216;102009;7469.500000000;18;9618469369;B
20240216;102009;7470.000000000;48;9618469370;B
20240216;102009;7470.000000000;1;9618469371;B
20240216;102009;7470.500000000;4;9618469372;B
20240216;102009;7470.500000000;6;9618469373;B
20240216;102009;7471.000000000;6;9618469374;B
20240216;102009;7471.000000000;1;9618469375;B
20240216;102009;7471.000000000;24;9618469376;B
20240216;102017;7471.000000000;14;9618473072;B
20240216;102025;7470.500000000;5;9618476302;S
20240216;102030;7471.000000000;1;9618478568;B
20240216;102031;7471.000000000;4;9618478688;B
20240216;102034;7471.000000000;1;9618479173;B
20240216;102034;7471.000000000;2;9618479174;B
20240216;102034;7471.000000000;1;9618479308;B
20240216;102035;7471.000000000;1;9618480015;B
20240216;102035;7470.500000000;1;9618480122;S
20240216;102035;7470.000000000;3;9618480123;S
20240216;102038;7471.000000000;1;9618481740;B
20240216;102040;7470.000000000;6;9618482492;S
20240216;102043;7470.000000000;11;9618484051;S
20240216;102043;7470.000000000;1;9618484052;S
20240216;102047;7470.000000000;1;9618484813;S
20240216;102050;7470.500000000;22;9618485834;B
20240216;102057;7471.000000000;1;9618488457;B
20240216;102058;7470.000000000;1;9618489285;S
20240216;102058;7470.500000000;3;9618489439;S
20240216;102058;7470.000000000;22;9618489440;S
20240216;102109;7470.000000000;11;9618493185;B
20240216;102109;7470.500000000;3;9618493186;B
20240216;102109;7471.000000000;36;9618493187;B
20240216;102109;7471.000000000;1;9618493313;B
20240216;102109;7471.000000000;2;9618493327;B
20240216;102110;7471.000000000;4;9618493388;B
20240216;102110;7470.000000000;20;9618493569;S
20240216;102110;7469.500000000;10;9618493570;S
20240216;102110;7469.500000000;20;9618493571;S
20240216;102119;7469.500000000;25;9618497037;S
20240216;102119;7469.500000000;26;9618497038;S
20240216;102119;7469.500000000;20;9618497039;S
20240216;102119;7468.500000000;4;9618497040;S
20240216;102119;7467.500000000;13;9618497041;S
20240216;102119;7467.500000000;80;9618497042;S
20240216;102119;7467.000000000;20;9618497043;S
20240216;102119;7466.500000000;20;9618497044;S
20240216;102119;7466.000000000;7;9618497045;S
20240216;102119;7466.000000000;10;9618497046;S
20240216;102119;7465.500000000;1;9618497047;S
20240216;102119;7465.500000000;5;9618497048;S
20240216;102119;7465.500000000;10;9618497049;S
20240216;102119;7465.500000000;58;9618497050;S
20240216;102119;7465.000000000;1;9618497051;S
20240216;102119;7465.000000000;1000;9618497052;S
20240216;102119;7465.000000000;2;9618497053;S
20240216;102119;7465.000000000;20;9618497054;S
20240216;102119;7464.500000000;10;9618497055;S
20240216;102119;7464.000000000;2;9618497056;S
20240216;102119;7463.500000000;2;9618497057;S
20240216;102119;7463.000000000;20;9618497058;S
20240216;102119;7462.000000000;4;9618497059;S
20240216;102119;7462.000000000;22;9618497060;S
20240216;102119;7461.500000000;40;9618497061;S
20240216;102119;7461.000000000;2;9618497062;S
20240216;102119;7461.000000000;4;9618497063;S
20240216;102119;7461.000000000;4;9618497064;S
20240216;102119;7461.000000000;1;9618497065;S
20240216;102119;7461.000000000;1;9618497066;S
20240216;102119;7461.000000000;1;9618497067;S
20240216;102119;7461.000000000;10;9618497068;S
20240216;102119;7461.000000000;10;9618497069;S
20240216;102119;7461.000000000;20;9618497070;S
20240216;102119;7461.000000000;10;9618497071;S
20240216;102119;7460.000000000;1;9618497072;S
20240216;102119;7460.000000000;10;9618497073;S
20240216;102119;7460.000000000;1;9618497074;S
20240216;102119;7460.000000000;1;9618497075;S
20240216;102119;7459.500000000;2;9618497076;S
20240216;102120;7462.000000000;2;9618497115;S
20240216;102125;7463.500000000;4;9618498396;B
20240216;102125;7464.000000000;1;9618498397;B
20240216;102128;7465.500000000;5;9618499805;B
20240216;102128;7465.500000000;1;9618499926;B
20240216;102139;7463.000000000;4;9618503249;S
20240216;102139;7463.000000000;66;9618503250;S
20240216;102146;7463.000000000;3;9618504927;B
20240216;102154;7463.000000000;2;9618508057;S
20240216;102157;7463.000000000;5;9618508825;S
20240216;102157;7462.500000000;3;9618508826;S
20240216;102157;7462.000000000;1;9618508827;S
20240216;102159;7461.500000000;1;9618509184;S
20240216;102159;7461.500000000;5;9618509185;S
20240216;102200;7461.500000000;9;9618509357;S
20240216;102202;7460.000000000;7;9618509676;S
20240216;102202;7460.000000000;3;9618509677;S
20240216;102202;7459.500000000;3;9618509678;S
20240216;102202;7459.500000000;1;9618509679;S
20240216;102202;7459.500000000;80;9618509680;S
20240216;102202;7458.500000000;2;9618509681;S
20240216;102202;7458.500000000;4;9618509682;S
20240216;102203;7459.000000000;1;9618509906;S
20240216;102203;7459.000000000;6;9618509907;S
20240216;102203;7461.500000000;2;9618509971;B
20240216;102205;7462.500000000;1;9618510206;B
20240216;102207;7463.000000000;1;9618510867;B
20240216;102211;7463.000000000;1;9618514412;B
20240216;102213;7461.500000000;1;9618514787;S
20240216;102216;7461.500000000;26;9618515161;S
20240216;102216;7461.500000000;3;9618515162;S
20240216;102216;7460.000000000;2;9618515163;S
20240216;102216;7460.000000000;19;9618515164;S
20240216;102216;7462.000000000;1;9618515239;B
20240216;102216;7462.000000000;2;9618515240;B
20240216;102218;7462.000000000;2;9618515721;B
20240216;102218;7462.500000000;1;9618515722;B
20240216;102220;7460.000000000;4;9618516196;S
20240216;102220;7460.000000000;3;9618516197;S
20240216;102220;7459.500000000;3;9618516198;S
20240216;102220;7463.000000000;30;9618516234;B
20240216;102220;7460.000000000;1;9618516250;S
20240216;102228;7460.500000000;41;9618518348;S
20240216;102228;7460.000000000;32;9618518349;S
20240216;102228;7460.000000000;21;9618518350;S
20240216;102228;7459.000000000;26;9618518351;S
20240216;102228;7458.000000000;1;9618518352;S
20240216;102228;7458.000000000;10;9618518353;S
20240216;102228;7458.000000000;2;9618518354;S
20240216;102228;7458.000000000;20;9618518355;S
20240216;102228;7457.500000000;20;9618518356;S
20240216;102228;7457.500000000;77;9618518357;S
20240216;102233;7459.500000000;1;9618520881;B
20240216;102235;7457.000000000;2;9618521427;S
20240216;102235;7457.000000000;3;9618521428;S
20240216;102235;7457.000000000;1;9618521429;S
20240216;102235;7457.000000000;7;9618521430;S
20240216;102235;7456.500000000;3;9618521431;S
20240216;102236;7459.000000000;1;9618521640;S
20240216;102237;7459.000000000;2;9618521678;B
20240216;102238;7457.000000000;2;9618522718;S
20240216;102238;7457.000000000;1;9618522719;S
20240216;102238;7459.000000000;1;9618522769;B
20240216;102240;7459.500000000;4;9618523701;B
20240216;102240;7459.500000000;2;9618523702;B
20240216;102247;7461.000000000;1;9618525788;B
20240216;102248;7459.500000000;1;9618526012;S
20240216;102251;7460.000000000;20;9618526483;S
20240216;102253;7459.500000000;2;9618527081;S
20240216;102258;7459.500000000;1;9618529164;S
20240216;102258;7459.500000000;1;9618529165;S
20240216;102300;7460.000000000;9;9618529850;B
20240216;102300;7459.000000000;1;9618529883;S
20240216;102300;7459.000000000;3;9618529929;S
20240216;102300;7458.500000000;10;9618529930;S
20240216;102300;7458.000000000;2;9618529931;S
20240216;102300;7457.500000000;10;9618529932;S
20240216;102300;7457.000000000;2;9618529933;S
20240216;102300;7457.000000000;80;9618529934;S
20240216;102300;7456.500000000;2;9618529935;S
20240216;102300;7456.500000000;1;9618529936;S
20240216;102300;7456.500000000;2;9618529937;S
20240216;102300;7456.500000000;58;9618529938;S
20240216;102321;7458.500000000;10;9618535887;S
20240216;102326;7458.500000000;1;9618537954;S
20240216;102327;7460.000000000;2;9618538002;B
20240216;102327;7460.500000000;6;9618538003;B
20240216;102327;7461.000000000;14;9618538004;B
20240216;102327;7461.500000000;4;9618538005;B
20240216;102327;7461.500000000;4;9618538006;B
20240216;102339;7460.500000000;1;9618541637;B
20240216;102342;7459.000000000;1;9618542301;S
20240216;102343;7458.500000000;1;9618542490;S
20240216;102352;7461.500000000;5;9618545794;B
20240216;102352;7461.500000000;10;9618545795;B
20240216;102403;7462.000000000;6;9618550197;B
20240216;102410;7459.500000000;2;9618551478;B
20240216;102423;7459.500000000;5;9618556730;B
20240216;102424;7459.000000000;2;9618556930;S
20240216;102424;7459.500000000;5;9618556956;B
20240216;102426;7459.500000000;2;9618557845;B
20240216;102426;7460.000000000;2;9618557846;B
20240216;102426;7460.000000000;27;9618557847;B
20240216;102430;7461.000000000;1;9618558842;S
20240216;102431;7460.500000000;1;9618559575;S
20240216;102432;7462.000000000;2;9618559745;B
20240216;102435;7462.000000000;2;9618560135;B
20240216;102445;7462.000000000;20;9618563630;B
20240216;102456;7460.500000000;2;9618567131;S
20240216;102456;7460.500000000;8;9618567132;S
20240216;102458;7462.000000000;14;9618567432;B
20240216;102501;7461.000000000;2;9618567712;S
20240216;102501;7461.000000000;2;9618567713;S
20240216;102503;7462.000000000;2;9618568609;B
20240216;102505;7462.000000000;1;9618568819;B
20240216;102507;7461.000000000;2;9618569322;S
20240216;102510;7461.000000000;2;9618571473;S
20240216;102510;7460.000000000;5;9618571474;S
20240216;102511;7460.500000000;1;9618571494;S
20240216;102511;7461.000000000;1;9618571605;B
20240216;102513;7461.000000000;1;9618571745;B
20240216;102515;7461.500000000;1;9618572288;B
20240216;102515;7460.500000000;9;9618572296;S
20240216;102515;7460.500000000;2;9618572297;S
20240216;102515;7460.000000000;15;9618572298;S
20240216;102515;7460.000000000;30;9618572299;S
20240216;102515;7460.000000000;1;9618572329;B
20240216;102516;7459.500000000;1;9618572459;S
20240216;102524;7460.000000000;2;9618574313;B
20240216;102530;7460.000000000;197;9618577247;B
20240216;102530;7460.000000000;10;9618577248;B
20240216;102538;7460.000000000;2;9618578793;S
20240216;102538;7460.000000000;4;9618578839;S
20240216;102538;7460.000000000;87;9618578865;S
20240216;102538;7460.000000000;2;9618578866;S
20240216;102538;7459.500000000;1;9618578867;S
20240216;102538;7459.000000000;8;9618578868;S
20240216;102538;7459.000000000;4;9618578869;S
20240216;102538;7459.000000000;1;9618578870;S
20240216;102538;7459.000000000;5;9618578871;S
20240216;102538;7458.500000000;19;9618578872;S
20240216;102538;7458.000000000;9;9618578873;S
20240216;102538;7457.500000000;41;9618578874;S
20240216;102538;7457.000000000;2;9618578875;S
20240216;102538;7457.000000000;48;9618578876;S
20240216;102538;7456.500000000;15;9618578877;S
20240216;102539;7457.500000000;1;9618579032;B
20240216;102539;7459.000000000;1;9618579064;B
20240216;102539;7459.500000000;1;9618579090;B
20240216;102549;7460.000000000;1;9618583177;B
20240216;102555;7459.500000000;1;9618584492;B
20240216;102558;7459.500000000;10;9618584850;B
20240216;102602;7460.000000000;2;9618586076;B
20240216;102603;7460.000000000;1;9618586307;B
20240216;102605;7457.000000000;7;9618587319;S
20240216;102615;7460.000000000;5;9618591250;B
20240216;102615;7460.000000000;2;9618591251;B
20240216;102615;7460.000000000;1;9618591252;B
20240216;102615;7460.000000000;12;9618591253;B
20240216;102621;7460.500000000;1;9618592943;B
20240216;102622;7460.500000000;4;9618593146;B
20240216;102622;7460.500000000;5;9618593147;B
20240216;102622;7460.500000000;1;9618593148;B
20240216;102622;7461.000000000;1;9618593277;B
20240216;102629;7458.000000000;1;9618595606;S
20240216;102629;7458.000000000;1;9618595608;S
20240216;102629;7457.500000000;8;9618595609;S
20240216;102630;7457.500000000;2;9618596016;S
20240216;102634;7457.500000000;1;9618596718;S
20240216;102635;7458.000000000;1;9618596967;B
20240216;102636;7457.500000000;1;9618597119;S
20240216;102637;7457.500000000;1;9618597269;S
20240216;102640;7457.500000000;1;9618597634;S
20240216;102640;7457.500000000;1;9618597671;S
20240216;102642;7458.000000000;20;9618597962;B
20240216;102642;7457.500000000;1;9618598079;S
20240216;102643;7458.000000000;10;9618598262;B
20240216;102644;7458.000000000;3;9618598446;B
20240216;102646;7458.000000000;2;9618598759;B
20240216;102648;7458.000000000;5;9618599091;B
20240216;102650;7460.500000000;1;9618599291;B
20240216;102650;7459.000000000;2;9618599381;S
20240216;102650;7458.500000000;4;9618599405;S
20240216;102652;7459.000000000;4;9618599738;B
20240216;102654;7458.500000000;1;9618600191;S
20240216;102654;7458.500000000;4;9618600253;S
20240216;102654;7458.500000000;4;9618600328;S
20240216;102655;7458.500000000;6;9618600390;S
20240216;102656;7459.000000000;10;9618600666;B
20240216;102656;7458.500000000;1;9618600769;S
20240216;102703;7459.000000000;1;9618601875;B
20240216;102704;7458.500000000;41;9618602038;S
20240216;102704;7458.000000000;29;9618602039;S
20240216;102704;7458.000000000;2;9618602040;S
20240216;102704;7457.500000000;4;9618602041;S
20240216;102704;7457.000000000;5;9618602042;S
20240216;102704;7457.000000000;2;9618602043;S
20240216;102704;7456.500000000;11;9618602044;S
20240216;102704;7456.500000000;1;9618602045;S
20240216;102704;7456.500000000;5;9618602046;S
20240216;102704;7456.000000000;5;9618602047;S
20240216;102704;7456.000000000;2;9618602048;S
20240216;102705;7455.500000000;20;9618602188;S
20240216;102705;7455.500000000;5;9618602189;S
20240216;102705;7455.500000000;14;9618602190;S
20240216;102705;7455.500000000;10;9618602191;S
20240216;102705;7455.500000000;1;9618602192;S
20240216;102705;7455.500000000;50;9618602193;S
20240216;102705;7455.500000000;2;9618602194;S
20240216;102705;7455.000000000;28;9618602195;S
20240216;102714;7455.500000000;6;9618603769;S
20240216;102714;7455.500000000;1;9618603836;S
20240216;102715;7457.500000000;10;9618603952;B
20240216;102717;7455.500000000;2;9618604382;S
20240216;102726;7456.500000000;1;9618605933;B
20240216;102726;7457.000000000;1;9618605934;B
20240216;102726;7457.000000000;1;9618605935;B
20240216;102726;7456.000000000;1;9618606093;S
20240216;102726;7456.000000000;8;9618606094;S
20240216;102726;7456.000000000;2;9618606104;S
20240216;102726;7455.500000000;2;9618606105;S
20240216;102726;7455.500000000;1;9618606106;S
20240216;102742;7455.500000000;1;9618608612;S
20240216;102742;7455.500000000;1;9618608613;S
20240216;102745;7456.000000000;3;9618609613;B
20240216;102747;7455.500000000;5;9618609868;S
20240216;102748;7456.000000000;1;9618610025;B
20240216;102752;7455.500000000;4;9618610492;S
20240216;102752;7455.500000000;1;9618610493;S
20240216;102752;7455.500000000;2;9618610494;S
20240216;102752;7455.000000000;5;9618610586;S
20240216;102755;7455.500000000;43;9618610991;B
20240216;102755;7455.500000000;3;9618610992;B
20240216;102755;7455.500000000;1;9618610993;B
20240216;102755;7455.500000000;12;9618610994;B
20240216;102755;7456.500000000;6;9618610995;B
20240216;102755;7457.000000000;3;9618610996;B
20240216;102755;7458.000000000;4;9618610997;B
20240216;102755;7458.000000000;1;9618610998;B
20240216;102755;7455.500000000;1;9618611120;S
20240216;102756;7455.500000000;1;9618611255;S
20240216;102802;7456.500000000;1;9618611943;B
20240216;102802;7456.500000000;1;9618611944;B
20240216;102802;7457.000000000;1;9618611947;B
20240216;102802;7456.500000000;1;9618611968;B
20240216;102802;7456.500000000;1;9618611977;B
20240216;102802;7456.000000000;1;9618612054;S
20240216;102802;7455.500000000;2;9618612056;S
20240216;102802;7455.500000000;1;9618612057;S
20240216;102802;7455.500000000;3;9618612058;S
20240216;102802;7455.500000000;11;9618612059;S
20240216;102802;7455.000000000;3;9618612060;S
20240216;102806;7455.500000000;1;9618612835;B
20240216;102809;7455.500000000;1;9618613265;S
20240216;102809;7455.500000000;1;9618613282;S
20240216;102812;7456.000000000;1;9618613923;B
20240216;102813;7455.500000000;1;9618614063;S
20240216;102814;7456.000000000;1;9618614171;B
20240216;102816;7456.000000000;1;9618614528;B
20240216;102817;7455.500000000;3;9618614761;S
20240216;102832;7455.500000000;15;9618616834;S
20240216;102837;7455.500000000;1;9618617616;B
20240216;102840;7455.000000000;1;9618618018;S
20240216;102844;7455.000000000;1;9618618992;S
20240216;102849;7455.000000000;6;9618619639;S
20240216;102855;7455.500000000;1;9618620638;B
20240216;102858;7455.000000000;1;9618620895;S
20240216;102901;7455.500000000;10;9618621450;B
20240216;102903;7455.500000000;3;9618621764;B
20240216;102906;7455.000000000;1;9618622169;S
20240216;102906;7455.000000000;1;9618622266;S
20240216;102909;7455.500000000;1;9618622914;B
20240216;102909;7455.500000000;10;9618622936;B
20240216;102911;7455.500000000;1;9618623154;B
20240216;102912;7455.500000000;1;9618623237;S
20240216;102913;7456.000000000;1;9618623397;B
20240216;102913;7455.500000000;1;9618623405;S
20240216;102914;7455.500000000;1;9618623588;S
20240216;102915;7456.000000000;4;9618623688;B
20240216;102919;7457.000000000;1;9618624192;B
20240216;102925;7457.000000000;3;9618624994;B
20240216;102925;7457.000000000;1;9618624995;B
20240216;102928;7457.000000000;1;9618625405;S
20240216;102932;7457.000000000;1;9618625845;S
20240216;102932;7457.000000000;3;9618625882;S
20240216;102934;7457.500000000;3;9618626077;B
20240216;102935;7457.000000000;1;9618626201;S
20240216;102939;7457.000000000;1;9618626890;S
20240216;102940;7457.000000000;1;9618627062;S
20240216;102943;7457.000000000;1;9618627400;S
20240216;102944;7457.000000000;1;9618627532;S
20240216;102947;7457.500000000;1;9618627913;B
20240216;103001;7457.500000000;3;9618630071;B
20240216;103001;7458.000000000;1;9618630072;B
20240216;103001;7458.500000000;1;9618630073;B
20240216;103009;7457.000000000;1;9618631358;S
20240216;103009;7457.000000000;1;9618631359;S
20240216;103014;7457.000000000;3;9618631937;S
20240216;103019;7457.000000000;6;9618632834;S
20240216;103020;7457.500000000;2;9618633036;B
20240216;103023;7458.500000000;8;9618633410;B
20240216;103023;7459.000000000;2;9618633411;B
20240216;103023;7459.000000000;4;9618633412;B
20240216;103023;7459.500000000;12;9618633413;B
20240216;103024;7459.500000000;1;9618633516;B
20240216;103025;7460.500000000;1;9618633564;B
20240216;103029;7458.500000000;1;9618634128;B
20240216;103033;7460.000000000;6;9618634833;B
20240216;103038;7459.500000000;1;9618635387;B
20240216;103038;7459.500000000;1;9618635388;B
20240216;103045;7461.000000000;1;9618636447;B
20240216;103048;7461.500000000;1;9618636790;B
20240216;103100;7461.500000000;1;9618638793;B
20240216;103106;7459.500000000;5;9618639592;B
20240216;103107;7460.000000000;1;9618639654;B
20240216;103117;7460.500000000;3;9618640984;B
20240216;103119;7461.000000000;5;9618641412;B
20240216;103125;7460.000000000;1;9618642115;S
20240216;103126;7460.500000000;2;9618642241;B
20240216;103126;7460.500000000;4;9618642336;B
20240216;103126;7461.000000000;1;9618642337;B
20240216;103127;7461.000000000;1;9618642477;B
20240216;103131;7461.000000000;5;9618642968;B
20240216;103139;7460.000000000;1;9618644137;S
20240216;103139;7459.500000000;5;9618644138;S
20240216;103139;7459.000000000;2;9618644139;S
20240216;103139;7459.000000000;2;9618644140;S
20240216;103149;7459.000000000;2;9618645191;S
20240216;103151;7458.500000000;2;9618645481;S
20240216;103151;7458.000000000;3;9618645482;S
20240216;103151;7458.000000000;5;9618645575;S
20240216;103210;7458.000000000;1;9618648269;S
20240216;103215;7458.000000000;38;9618649013;S
20240216;103217;7458.000000000;3;9618649284;S
20240216;103221;7458.500000000;2;9618649813;B
20240216;103221;7458.500000000;11;9618649814;B
20240216;103221;7459.000000000;2;9618649815;B
20240216;103223;7459.500000000;1;9618650120;B
20240216;103226;7459.000000000;3;9618650509;B
20240216;103230;7459.500000000;28;9618650952;B
20240216;103230;7460.000000000;12;9618650953;B
20240216;103230;7460.000000000;7;9618650954;B
20240216;103230;7460.500000000;2;9618650955;B
20240216;103230;7460.500000000;18;9618650956;B
20240216;103235;7461.000000000;2;9618651417;B
20240216;103236;7459.500000000;2;9618651645;S
20240216;103237;7459.500000000;1;9618651687;B
20240216;103237;7459.500000000;3;9618651688;B
20240216;103238;7460.500000000;4;9618651849;B
20240216;103238;7461.000000000;2;9618651850;B
20240216;103238;7461.000000000;34;9618651851;B
20240216;103240;7459.000000000;4;9618652034;S
20240216;103240;7459.000000000;4;9618652236;S
20240216;103244;7459.500000000;3;9618652681;B
20240216;103247;7459.500000000;4;9618652985;B
20240216;103252;7461.000000000;8;9618653729;B
20240216;103256;7461.000000000;4;9618654241;B
20240216;103304;7460.000000000;4;9618655480;S
20240216;103305;7460.500000000;1;9618655767;B
20240216;103305;7461.000000000;2;9618655768;B
20240216;103305;7461.000000000;11;9618655769;B
20240216;103310;7460.500000000;1;9618656738;B
20240216;103310;7460.500000000;5;9618656739;B
20240216;103310;7461.500000000;3;9618656740;B
20240216;103310;7461.500000000;1;9618656741;B
20240216;103311;7460.000000000;1;9618656891;B
20240216;103313;7459.500000000;1;9618657125;S
20240216;103313;7459.500000000;4;9618657126;S
20240216;103314;7461.000000000;1;9618657302;B
20240216;103328;7460.500000000;2;9618659626;S
20240216;103334;7459.500000000;5;9618660565;S
20240216;103335;7460.500000000;1;9618660792;B
20240216;103335;7461.000000000;1;9618660793;B
20240216;103341;7459.500000000;2;9618661544;S
20240216;103353;7459.500000000;1;9618663339;S
20240216;103420;7459.500000000;1;9618668473;S
20240216;103422;7460.000000000;1;9618668935;B
20240216;103429;7460.000000000;3;9618670034;B
20240216;103431;7460.000000000;1;9618670398;B
20240216;103433;7459.500000000;12;9618670857;S
20240216;103433;7460.000000000;4;9618670858;B
20240216;103434;7460.000000000;20;9618671061;B
20240216;103436;7460.000000000;1;9618671451;B
20240216;103436;7460.000000000;12;9618671452;B
20240216;103437;7460.000000000;2;9618671782;B
20240216;103439;7460.000000000;6;9618671966;B
20240216;103440;7460.000000000;3;9618672220;B
20240216;103441;7459.500000000;13;9618672375;S
20240216;103441;7459.500000000;16;9618672379;S
20240216;103441;7459.500000000;3;9618672380;S
20240216;103441;7459.500000000;39;9618672381;S
20240216;103441;7459.500000000;4;9618672382;S
20240216;103441;7459.500000000;5;9618672383;S
20240216;103444;7459.500000000;1;9618673061;B
20240216;103448;7459.000000000;2;9618673540;S
20240216;103448;7459.500000000;8;9618673541;B
20240216;103452;7459.500000000;21;9618674244;B
20240216;103453;7460.000000000;1;9618674345;B
20240216;103454;7459.000000000;56;9618674575;S
20240216;103503;7459.500000000;20;9618676021;B
20240216;103506;7459.500000000;8;9618676434;B
20240216;103509;7459.500000000;8;9618677030;S
20240216;103510;7459.500000000;60;9618677250;S
20240216;103513;7459.500000000;1;9618677694;S
20240216;103515;7459.000000000;1;9618677977;S
20240216;103518;7459.500000000;2;9618678616;B
20240216;103518;7460.000000000;32;9618678617;B
20240216;103518;7460.000000000;1;9618678618;B
20240216;103518;7460.500000000;5;9618678619;B
20240216;103518;7461.000000000;6;9618678620;B
20240216;103518;7461.000000000;1;9618678621;B
20240216;103518;7461.000000000;41;9618678622;B
20240216;103518;7461.000000000;8;9618678623;B
20240216;103518;7461.500000000;63;9618678624;B
20240216;103518;7461.500000000;5;9618678625;B
20240216;103518;7461.500000000;10;9618678626;B
20240216;103518;7462.000000000;22;9618678627;B
20240216;103527;7460.000000000;1;9618679810;S
20240216;103535;7460.500000000;1;9618680910;B
20240216;103539;7460.500000000;5;9618681532;B
20240216;103541;7460.500000000;4;9618681783;B
20240216;103542;7460.000000000;8;9618681961;S
20240216;103550;7460.500000000;2;9618683261;B
20240216;103604;7460.000000000;5;9618685786;S
20240216;103611;7460.500000000;1;9618687417;B
20240216;103611;7461.000000000;7;9618687418;B
20240216;103611;7461.000000000;5;9618687419;B
20240216;103611;7461.500000000;23;9618687420;B
20240216;103614;7460.500000000;1;9618687892;S
20240216;103642;7461.000000000;14;9618692423;B
20240216;103644;7461.000000000;36;9618692571;B
20240216;103644;7461.000000000;7;9618692572;B
20240216;103644;7461.500000000;2;9618692573;B
20240216;103644;7461.500000000;2;9618692574;B
20240216;103644;7461.500000000;5;9618692575;B
20240216;103644;7462.000000000;63;9618692576;B
20240216;103644;7462.000000000;20;9618692577;B
20240216;103644;7462.000000000;4;9618692578;B
20240216;103644;7462.000000000;2;9618692579;B
20240216;103644;7462.500000000;1;9618692580;B
20240216;103644;7462.500000000;5;9618692581;B
20240216;103644;7462.500000000;5;9618692582;B
20240216;103644;7463.000000000;48;9618692583;B
20240216;103644;7463.000000000;200;9618692612;B
20240216;103644;7463.000000000;4;9618692613;B
20240216;103644;7463.000000000;14;9618692614;B
20240216;103644;7463.000000000;24;9618692615;B
20240216;103648;7463.000000000;200;9618693134;B
20240216;103649;7463.000000000;84;9618693484;B
20240216;103649;7463.000000000;1;9618693491;B
20240216;103649;7463.500000000;1;9618693493;B
20240216;103649;7463.500000000;2;9618693494;B
20240216;103649;7463.500000000;5;9618693495;B
20240216;103649;7463.500000000;2;9618693496;B
20240216;103649;7464.000000000;5;9618693497;B
20240216;103650;7464.500000000;1;9618693732;S
20240216;103654;7465.000000000;14;9618694213;B
20240216;103654;7465.000000000;6;9618694214;B
20240216;103654;7465.500000000;4;9618694215;B
20240216;103654;7466.000000000;1;9618694216;B
20240216;103702;7465.000000000;4;9618695613;S
20240216;103702;7464.000000000;8;9618695614;S
20240216;103704;7466.000000000;2;9618696123;B
20240216;103704;7467.000000000;4;9618696124;B
20240216;103720;7464.500000000;2;9618698968;B
20240216;103720;7466.500000000;1;9618698969;B
20240216;103720;7466.500000000;1;9618698970;B
20240216;103720;7466.500000000;1;9618698971;B
20240216;103730;7467.000000000;10;9618700669;B
20240216;103733;7468.500000000;1;9618701094;B
20240216;103733;7468.500000000;1;9618701195;B
20240216;103733;7468.500000000;4;9618701196;B
20240216;103733;7469.000000000;1;9618701197;B
20240216;103733;7469.000000000;1;9618701198;B
20240216;103733;7469.000000000;1;9618701199;B
20240216;103733;7469.000000000;10;9618701200;B
20240216;103733;7469.000000000;4;9618701201;B
20240216;103733;7469.000000000;3;9618701202;B
20240216;103733;7469.500000000;20;9618701203;B
20240216;103733;7470.000000000;1;9618701204;B
20240216;103733;7470.500000000;2;9618701205;B
20240216;103733;7470.500000000;2;9618701206;B
20240216;103734;7468.000000000;1;9618701447;S
20240216;103734;7468.000000000;1;9618701448;S
20240216;103734;7468.000000000;1;9618701484;B
20240216;103735;7468.000000000;1;9618701540;B
20240216;103736;7468.000000000;14;9618702387;B
20240216;103737;7468.000000000;2;9618702469;B
20240216;103737;7468.000000000;1;9618702470;B
20240216;103739;7468.500000000;17;9618702895;B
20240216;103739;7470.000000000;13;9618702896;B
20240216;103745;7468.000000000;4;9618704035;S
20240216;103745;7468.000000000;6;9618704036;S
20240216;103748;7468.000000000;1;9618704360;S
20240216;103804;7468.000000000;2;9618707127;S
20240216;103810;7468.000000000;1;9618708175;S
20240216;103814;7467.500000000;2;9618708923;S
20240216;103814;7467.000000000;2;9618708924;S
20240216;103815;7466.500000000;1;9618708976;S
20240216;103815;7466.500000000;1;9618709009;S
20240216;103815;7466.500000000;1;9618709010;S
20240216;103815;7466.500000000;1;9618709084;S
20240216;103815;7466.000000000;17;9618709086;S
20240216;103815;7466.000000000;3;9618709087;S
20240216;103815;7466.000000000;7;9618709088;S
20240216;103816;7466.000000000;5;9618709303;S
20240216;103817;7466.000000000;1;9618709485;S
20240216;103817;7466.000000000;5;9618709549;S
20240216;103817;7466.000000000;3;9618709600;S
20240216;103817;7466.000000000;6;9618709655;S
20240216;103817;7466.000000000;9;9618709703;S
20240216;103817;7466.000000000;6;9618709742;S
20240216;103817;7466.000000000;26;9618710004;S
20240216;103818;7466.000000000;62;9618710005;S
20240216;103818;7463.000000000;14;9618710008;S
20240216;103818;7462.500000000;26;9618710009;S
20240216;103818;7462.500000000;24;9618710010;S
20240216;103818;7462.500000000;3;9618710011;S
20240216;103818;7461.000000000;10;9618710012;S
20240216;103818;7460.500000000;9;9618710013;S
20240216;103818;7460.500000000;1;9618710014;S
20240216;103818;7460.500000000;2;9618710015;S
20240216;103818;7461.000000000;10;9618710016;S
20240216;103818;7460.500000000;1;9618710075;S
20240216;103819;7460.500000000;2;9618710468;S
20240216;103819;7460.500000000;1;9618710469;S
20240216;103819;7460.500000000;1;9618710470;S
20240216;103819;7460.000000000;7;9618710471;S
20240216;103822;7460.500000000;1;9618711103;S
20240216;103824;7460.500000000;1;9618711568;S
20240216;103824;7460.000000000;4;9618711569;S
20240216;103825;7461.000000000;1;9618711807;S
20240216;103825;7461.000000000;4;9618711820;S
20240216;103825;7461.000000000;5;9618711852;B
20240216;103828;7461.000000000;24;9618712705;B
20240216;103829;7460.500000000;4;9618712848;S
20240216;103830;7460.500000000;1;9618713177;S
20240216;103830;7460.500000000;1;9618713178;S
20240216;103830;7460.500000000;1;9618713179;S
20240216;103830;7460.000000000;3;9618713292;S
20240216;103830;7460.500000000;2;9618713293;B
20240216;103831;7460.500000000;15;9618713451;B
20240216;103832;7462.000000000;1;9618713604;B
20240216;103832;7460.000000000;3;9618713652;S
20240216;103833;7460.500000000;1;9618714001;S
20240216;103833;7460.500000000;2;9618714002;S
20240216;103834;7460.500000000;3;9618714299;B
20240216;103834;7460.500000000;22;9618714300;B
20240216;103847;7462.500000000;1;9618716929;B
20240216;103849;7460.500000000;1;9618717339;S
20240216;103854;7460.000000000;2;9618718057;S
20240216;103855;7460.500000000;1;9618718297;B
20240216;103859;7460.500000000;1;9618719034;B
20240216;103900;7460.500000000;1;9618719222;B
20240216;103904;7460.500000000;2;9618720231;B
20240216;103905;7460.500000000;2;9618720320;B
20240216;103909;7460.500000000;13;9618720963;B
20240216;103910;7460.500000000;1;9618721235;B
20240216;103910;7460.500000000;2;9618721286;B
20240216;103921;7460.500000000;27;9618722765;B
20240216;103921;7460.500000000;1;9618722766;B
20240216;103928;7461.000000000;1;9618724042;S
20240216;103938;7463.000000000;1;9618725661;B
20240216;103946;7463.000000000;1;9618726865;B
20240216;103946;7463.000000000;1;9618726866;B
20240216;103949;7461.000000000;4;9618727285;S
20240216;103951;7461.000000000;3;9618727547;S
20240216;103951;7461.000000000;1;9618727548;S
20240216;103951;7461.000000000;1;9618727549;S
20240216;103951;7460.500000000;5;9618727550;S
20240216;103953;7461.000000000;2;9618727780;S
20240216;104002;7461.000000000;2;9618729131;B
20240216;104009;7461.000000000;1;9618730235;S
20240216;104032;7460.500000000;1;9618733796;S
20240216;104036;7461.000000000;1;9618734330;B
20240216;104038;7460.500000000;5;9618734639;S
20240216;104042;7460.500000000;43;9618735077;S
20240216;104043;7460.500000000;10;9618735220;S
20240216;104124;7460.500000000;8;9618740441;S
20240216;104124;7460.500000000;1;9618740442;S
20240216;104124;7460.500000000;1;9618740443;S
20240216;104124;7460.500000000;10;9618740444;S
20240216;104124;7460.500000000;139;9618740445;S
20240216;104124;7460.500000000;59;9618740446;S
20240216;104124;7460.000000000;7;9618740447;S
20240216;104124;7460.000000000;1;9618740448;S
20240216;104124;7460.000000000;4;9618740449;S
20240216;104124;7460.000000000;1;9618740450;S
20240216;104124;7460.000000000;1;9618740451;S
20240216;104124;7460.000000000;1;9618740452;S
20240216;104124;7460.000000000;1;9618740453;S
20240216;104124;7460.000000000;1;9618740454;S
20240216;104124;7460.000000000;1;9618740455;S
20240216;104124;7460.000000000;1;9618740456;S
20240216;104124;7459.500000000;7;9618740457;S
20240216;104124;7459.500000000;1;9618740458;S
20240216;104124;7459.000000000;1;9618740459;S
20240216;104124;7459.000000000;4;9618740460;S
20240216;104133;7459.500000000;1;9618741589;B
20240216;104134;7459.500000000;1;9618741840;B
20240216;104142;7459.000000000;5;9618742860;S
20240216;104148;7459.500000000;3;9618743398;B
20240216;104202;7459.000000000;1;9618745216;S
20240216;104206;7458.500000000;4;9618745771;S
20240216;104206;7458.000000000;1;9618745772;S
20240216;104207;7458.500000000;8;9618745883;B
20240216;104212;7458.000000000;2;9618746436;S
20240216;104216;7458.000000000;1;9618746768;S
20240216;104217;7458.000000000;5;9618746918;S
20240216;104217;7458.000000000;1;9618746919;S
20240216;104217;7458.000000000;18;9618746920;S
20240216;104225;7458.000000000;1;9618747626;S
20240216;104226;7458.000000000;10;9618747667;S
20240216;104226;7458.500000000;7;9618747668;B
20240216;104226;7458.500000000;1;9618747762;B
20240216;104232;7458.500000000;1;9618748404;B
20240216;104246;7458.500000000;3;9618749924;B
20240216;104246;7458.500000000;3;9618749925;B
20240216;104251;7458.500000000;3;9618750346;B
20240216;104254;7458.000000000;3;9618750629;S
20240216;104254;7458.000000000;20;9618750630;S
20240216;104254;7458.000000000;10;9618750631;S
20240216;104254;7457.500000000;7;9618750632;S
20240216;104254;7457.500000000;6;9618750633;S
20240216;104254;7457.000000000;1;9618750634;S
20240216;104254;7457.000000000;20;9618750635;S
20240216;104256;7457.500000000;1;9618750840;S
20240216;104301;7457.500000000;5;9618751382;S
20240216;104305;7458.000000000;1;9618751852;B
20240216;104305;7457.500000000;5;9618751859;S
20240216;104305;7458.000000000;1;9618751860;B
20240216;104306;7458.000000000;1;9618751869;B
20240216;104306;7458.000000000;1;9618751906;B
20240216;104306;7458.000000000;1;9618751913;B
20240216;104306;7458.000000000;1;9618751933;B
20240216;104306;7458.000000000;1;9618751947;B
20240216;104313;7457.500000000;9;9618752578;S
20240216;104313;7457.500000000;2;9618752579;S
20240216;104313;7457.000000000;70;9618752580;S
20240216;104313;7457.000000000;1;9618752581;S
20240216;104313;7457.000000000;1;9618752582;S
20240216;104313;7456.500000000;1;9618752624;S
20240216;104316;7457.000000000;17;9618752974;B
20240216;104316;7457.000000000;14;9618752975;B
20240216;104316;7457.000000000;14;9618752976;B
20240216;104316;7457.500000000;11;9618752977;B
20240216;104316;7458.000000000;14;9618752978;B
20240216;104316;7458.000000000;2;9618752979;B
20240216;104316;7458.500000000;2;9618752980;B
20240216;104316;7459.000000000;2;9618752981;B
20240216;104316;7459.500000000;4;9618752982;B
20240216;104316;7460.000000000;2;9618752983;B
20240216;104316;7460.500000000;18;9618752984;B
20240216;104324;7458.500000000;3;9618753682;S
20240216;104325;7460.500000000;2;9618753787;B
20240216;104325;7461.000000000;4;9618753788;B
20240216;104327;7458.500000000;1;9618754087;S
20240216;104342;7461.000000000;2;9618755537;B
20240216;104342;7461.000000000;2;9618755538;B
20240216;104342;7461.000000000;2;9618755539;B
20240216;104343;7460.000000000;1;9618755598;S
20240216;104343;7460.000000000;1;9618755599;S
20240216;104343;7460.000000000;1;9618755600;S
20240216;104343;7458.500000000;2;9618755601;S
20240216;104344;7461.000000000;1;9618755747;B
20240216;104355;7460.500000000;2;9618756828;B
20240216;104404;7459.000000000;3;9618757775;S
20240216;104404;7459.000000000;6;9618757776;S
20240216;104411;7459.500000000;1;9618758667;B
20240216;104418;7459.500000000;1;9618759378;B
20240216;104424;7459.000000000;1;9618760394;S
20240216;104428;7459.500000000;3;9618760835;B
20240216;104431;7459.500000000;1;9618761257;B
20240216;104433;7459.500000000;1;9618761536;B
20240216;104443;7459.000000000;1;9618762746;S
20240216;104443;7459.000000000;4;9618762747;S
20240216;104447;7459.000000000;1;9618763180;S
20240216;104448;7459.000000000;2;9618763284;S
20240216;104448;7459.000000000;2;9618763285;S
20240216;104448;7458.500000000;2;9618763286;S
20240216;104448;7459.000000000;3;9618763309;B
20240216;104448;7459.000000000;2;9618763327;B
20240216;104450;7459.000000000;8;9618763450;B
20240216;104501;7461.500000000;1;9618765049;B
20240216;104502;7461.500000000;3;9618765258;B
20240216;104502;7462.000000000;1;9618765259;B
20240216;104502;7462.500000000;2;9618765260;B
20240216;104502;7463.500000000;7;9618765261;B
20240216;104510;7460.000000000;1;9618766248;B
20240216;104510;7462.500000000;1;9618766249;B
20240216;104511;7462.000000000;10;9618766330;B
20240216;104519;7462.500000000;1;9618767460;B
20240216;104519;7462.500000000;2;9618767461;B
20240216;104529;7462.000000000;2;9618768628;S
20240216;104529;7460.500000000;2;9618768629;S
20240216;104529;7460.000000000;1;9618768630;S
20240216;104543;7459.500000000;1;9618770237;S
20240216;104543;7459.500000000;1;9618770238;S
20240216;104549;7459.000000000;1;9618770881;S
20240216;104555;7459.500000000;3;9618771663;B
20240216;104612;7459.500000000;4;9618773841;S
20240216;104612;7459.000000000;2;9618773842;S
20240216;104612;7459.000000000;4;9618773843;S
20240216;104620;7461.000000000;4;9618774818;B
20240216;104620;7461.500000000;1;9618774819;B
20240216;104620;7461.500000000;1;9618774820;B
20240216;104620;7463.000000000;7;9618774821;B
20240216;104622;7463.000000000;1;9618775003;B
20240216;104647;7462.000000000;2;9618777896;B
20240216;104656;7462.500000000;1;9618779109;B
20240216;104657;7463.000000000;1;9618779407;B
20240216;104703;7460.000000000;4;9618780113;S
20240216;104703;7459.000000000;2;9618780130;S
20240216;104711;7461.500000000;20;9618781606;B
20240216;104712;7462.000000000;1;9618781703;B
20240216;104713;7462.000000000;8;9618781788;B
20240216;104722;7461.000000000;1;9618782896;B
20240216;104732;7459.500000000;2;9618783854;S
20240216;104732;7459.000000000;3;9618783855;S
20240216;104746;7459.000000000;1;9618785377;S
20240216;104746;7459.000000000;1;9618785378;S
20240216;104746;7457.000000000;1;9618785379;S
20240216;104746;7457.000000000;1;9618785380;S
20240216;104746;7457.000000000;2;9618785381;S
20240216;104746;7457.000000000;4;9618785382;S
20240216;104753;7457.000000000;1;9618785996;S
20240216;104753;7457.000000000;4;9618785997;S
20240216;104753;7457.000000000;1;9618785998;S
20240216;104753;7456.500000000;1;9618785999;S
20240216;104753;7456.500000000;5;9618786000;S
20240216;104802;7456.000000000;4;9618786853;S
20240216;104802;7456.000000000;9;9618786854;S
20240216;104810;7457.500000000;5;9618787711;B
20240216;104811;7457.000000000;1;9618787862;S
20240216;104814;7457.000000000;2;9618788246;S
20240216;104826;7457.000000000;3;9618789416;B
20240216;104829;7456.000000000;10;9618789727;S
20240216;104831;7456.000000000;90;9618790183;S
20240216;104831;7456.000000000;2;9618790184;S
20240216;104831;7455.500000000;1;9618790185;S
20240216;104831;7455.500000000;20;9618790186;S
20240216;104831;7455.500000000;100;9618790187;S
20240216;104831;7455.500000000;200;9618790188;S
20240216;104831;7455.000000000;387;9618790189;S
20240216;104832;7455.500000000;25;9618790343;S
20240216;104836;7455.500000000;3;9618791054;S
20240216;104849;7455.500000000;16;9618793038;S
20240216;104853;7456.000000000;1;9618793570;B
20240216;104915;7457.000000000;25;9618796380;B
20240216;104916;7456.500000000;13;9618796447;S
20240216;104918;7457.000000000;2;9618796890;B
20240216;104918;7457.000000000;1;9618796916;B
20240216;104920;7456.500000000;38;9618797096;S
20240216;104920;7456.500000000;20;9618797097;S
20240216;104920;7456.000000000;2;9618797098;S
20240216;104920;7456.000000000;1;9618797099;S
20240216;104920;7455.500000000;56;9618797100;S
20240216;104920;7455.500000000;5;9618797101;S
20240216;104920;7455.500000000;2;9618797102;S
20240216;104920;7455.000000000;476;9618797103;S
20240216;104926;7455.000000000;6;9618797724;S
20240216;104927;7455.000000000;7;9618797902;S
20240216;104930;7455.000000000;39;9618798307;S
20240216;104933;7455.000000000;38;9618798526;S
20240216;104933;7455.000000000;1;9618798527;S
20240216;104933;7455.000000000;1;9618798528;S
20240216;104933;7455.000000000;5;9618798529;S
20240216;104933;7455.000000000;2;9618798530;S
20240216;104933;7455.000000000;1;9618798531;S
20240216;104933;7455.000000000;5;9618798532;S
20240216;104933;7455.000000000;4;9618798533;S
20240216;104933;7455.000000000;1;9618798534;S
20240216;104933;7455.000000000;1;9618798535;S
20240216;104933;7455.000000000;9;9618798536;S
20240216;104933;7455.000000000;10;9618798537;S
20240216;104933;7455.000000000;3;9618798538;S
20240216;104933;7455.000000000;1;9618798539;S
20240216;104933;7455.000000000;7;9618798540;S
20240216;104939;7455.500000000;1;9618799061;S
20240216;104939;7455.500000000;2;9618799062;S
20240216;104939;7455.000000000;3;9618799063;S
20240216;104939;7455.000000000;6;9618799064;S
20240216;104940;7456.500000000;2;9618799093;B
20240216;104940;7456.500000000;1;9618799094;B
20240216;104941;7455.500000000;20;9618799296;S
20240216;104941;7455.500000000;10;9618799297;S
20240216;104941;7455.000000000;4;9618799298;S
20240216;104941;7455.000000000;2;9618799299;S
20240216;104941;7455.000000000;1;9618799300;S
20240216;104941;7455.000000000;3;9618799301;S
20240216;104941;7455.000000000;10;9618799302;S
20240216;104941;7455.000000000;12;9618799303;S
20240216;104941;7455.000000000;2;9618799304;S
20240216;104941;7455.000000000;2;9618799305;S
20240216;104941;7455.000000000;10;9618799306;S
20240216;104941;7455.000000000;1;9618799307;S
20240216;104941;7454.500000000;10;9618799308;S
20240216;104941;7454.500000000;2;9618799309;S
20240216;104941;7454.000000000;10;9618799310;S
20240216;104941;7454.000000000;1;9618799311;S
20240216;104941;7454.000000000;30;9618799312;B
20240216;104941;7453.500000000;1;9618799314;S
20240216;104941;7453.500000000;10;9618799315;S
20240216;104941;7453.000000000;3;9618799330;S
20240216;104941;7452.000000000;2;9618799331;S
20240216;104941;7452.000000000;2;9618799335;S
20240216;104941;7452.000000000;1;9618799342;S
20240216;104941;7452.000000000;10;9618799343;S
20240216;104942;7452.000000000;1;9618799371;S
20240216;104942;7452.000000000;5;9618799372;S
20240216;104942;7452.000000000;6;9618799507;S
20240216;104944;7452.000000000;1;9618799724;S
20240216;104948;7452.000000000;1;9618800269;S
20240216;104957;7452.000000000;37;9618801083;S
20240216;104957;7451.500000000;1;9618801084;S
20240216;104957;7451.500000000;1;9618801085;S
20240216;104957;7451.500000000;5;9618801086;S
20240216;104957;7451.000000000;3;9618801087;S
20240216;104957;7451.000000000;8;9618801088;S
20240216;104957;7451.000000000;1;9618801089;S
20240216;104957;7451.000000000;1;9618801090;S
20240216;104957;7451.000000000;1;9618801091;S
20240216;104957;7451.000000000;1;9618801092;S
20240216;104957;7451.000000000;3;9618801093;S
20240216;104957;7451.000000000;3;9618801094;S
20240216;104957;7451.000000000;1;9618801095;S
20240216;104957;7451.000000000;15;9618801096;S
20240216;104957;7451.000000000;1;9618801097;S
20240216;104957;7451.000000000;26;9618801098;S
20240216;104957;7451.000000000;1;9618801099;S
20240216;104957;7451.000000000;1;9618801174;B
20240216;104958;7450.500000000;2;9618801297;S
20240216;104958;7450.500000000;1;9618801298;S
20240216;104958;7450.500000000;1;9618801299;S
20240216;104958;7450.500000000;1;9618801300;S
20240216;104958;7450.500000000;1;9618801301;S
20240216;105000;7451.000000000;5;9618801554;B
20240216;105001;7451.000000000;14;9618801582;B
20240216;105001;7451.000000000;1;9618801634;B
20240216;105005;7450.500000000;2;9618801937;S
20240216;105005;7451.000000000;1;9618801986;B
20240216;105010;7451.000000000;2;9618802366;B
20240216;105011;7450.500000000;1;9618802447;S
20240216;105012;7450.500000000;4;9618802574;S
20240216;105015;7450.500000000;10;9618802725;S
20240216;105015;7450.500000000;2;9618802726;S
20240216;105019;7450.500000000;3;9618803319;S
20240216;105020;7450.500000000;1;9618803390;S
20240216;105020;7450.500000000;1;9618803391;S
20240216;105020;7450.500000000;10;9618803392;S
20240216;105020;7450.500000000;139;9618803393;S
20240216;105020;7450.500000000;1;9618803394;S
20240216;105020;7450.500000000;3;9618803395;S
20240216;105020;7450.500000000;1;9618803396;S
20240216;105020;7450.000000000;44;9618803397;S
20240216;105020;7451.000000000;1;9618803409;B
20240216;105020;7451.000000000;4;9618803424;B
20240216;105021;7450.000000000;6;9618803442;S
20240216;105021;7450.000000000;1;9618803443;S
20240216;105021;7450.000000000;32;9618803444;S
20240216;105021;7450.000000000;1;9618803555;S
20240216;105027;7450.500000000;1;9618804116;B
20240216;105027;7450.500000000;1;9618804185;S
20240216;105030;7451.000000000;1;9618804413;B
20240216;105033;7450.500000000;3;9618804727;S
20240216;105033;7450.500000000;17;9618804728;S
20240216;105043;7450.000000000;17;9618805706;S
20240216;105043;7450.000000000;8;9618805707;S
20240216;105044;7450.000000000;1;9618805803;S
20240216;105045;7450.000000000;64;9618805978;S
20240216;105045;7450.000000000;36;9618805979;S
20240216;105045;7450.000000000;61;9618805989;S
20240216;105047;7450.500000000;5;9618806151;B
20240216;105047;7450.000000000;500;9618806198;S
20240216;105048;7450.000000000;333;9618806322;S
20240216;105048;7450.000000000;1;9618806328;S
20240216;105048;7450.000000000;30;9618806351;S
20240216;105048;7450.000000000;1;9618806355;S
20240216;105048;7450.000000000;30;9618806368;S
20240216;105048;7450.000000000;8;9618806383;S
20240216;105048;7450.000000000;1;9618806384;S
20240216;105048;7450.000000000;1;9618806385;S
20240216;105048;7450.000000000;2;9618806386;S
20240216;105048;7450.000000000;1;9618806387;S
20240216;105048;7450.000000000;1;9618806388;S
20240216;105048;7450.000000000;2;9618806389;S
20240216;105048;7450.000000000;2;9618806390;S
20240216;105048;7450.000000000;1;9618806391;S
20240216;105048;7450.000000000;1;9618806392;S
20240216;105048;7450.000000000;480;9618806393;S
20240216;105048;7450.000000000;95;9618806394;S
20240216;105048;7450.000000000;113;9618806399;S
20240216;105048;7450.000000000;38;9618806400;S
20240216;105049;7450.000000000;50;9618806448;S
20240216;105049;7450.000000000;224;9618806456;S
20240216;105049;7450.000000000;1;9618806457;S
20240216;105049;7450.000000000;10;9618806458;S
20240216;105049;7450.000000000;3;9618806459;S
20240216;105049;7450.000000000;1;9618806460;S
20240216;105049;7450.000000000;2;9618806461;S
20240216;105049;7450.000000000;1;9618806462;S
20240216;105049;7450.000000000;20;9618806463;S
20240216;105049;7450.000000000;1;9618806464;S
20240216;105049;7450.000000000;10;9618806465;S
20240216;105049;7450.000000000;5;9618806466;S
20240216;105049;7450.000000000;1;9618806467;S
20240216;105049;7450.000000000;10;9618806468;S
20240216;105049;7450.000000000;6;9618806469;S
20240216;105049;7450.000000000;4;9618806470;S
20240216;105049;7450.000000000;3;9618806471;S
20240216;105049;7450.000000000;1;9618806477;S
20240216;105049;7450.000000000;1;9618806480;S
20240216;105049;7450.000000000;2;9618806491;S
20240216;105049;7450.000000000;2;9618806527;S
20240216;105049;7450.000000000;1;9618806539;S
20240216;105049;7450.000000000;1;9618806540;S
20240216;105049;7450.000000000;1;9618806544;S
20240216;105050;7450.000000000;10;9618806554;S
20240216;105050;7450.000000000;4;9618806555;S
20240216;105050;7450.000000000;1;9618806556;S
20240216;105050;7450.000000000;1;9618806557;S
20240216;105050;7450.000000000;1;9618806558;S
20240216;105050;7450.000000000;36;9618806559;S
20240216;105050;7450.000000000;3;9618806560;S
20240216;105050;7450.000000000;14;9618806561;S
20240216;105050;7450.000000000;1;9618806562;S
20240216;105050;7450.000000000;25;9618806563;S
20240216;105050;7450.000000000;2;9618806564;S
20240216;105050;7450.000000000;1;9618806565;S
20240216;105050;7450.000000000;1;9618806566;S
20240216;105050;7450.000000000;5;9618806567;S
20240216;105050;7450.000000000;2;9618806568;S
20240216;105050;7450.000000000;1;9618806569;S
20240216;105050;7450.000000000;1;9618806570;S
20240216;105050;7450.000000000;1;9618806571;S
20240216;105050;7450.000000000;5;9618806572;S
20240216;105050;7450.000000000;2;9618806573;S
20240216;105050;7450.000000000;1;9618806574;S
20240216;105050;7449.500000000;1;9618806575;S
20240216;105050;7449.500000000;1;9618806576;S
20240216;105050;7449.500000000;1;9618806577;S
20240216;105050;7449.500000000;11;9618806578;S
20240216;105050;7449.500000000;5;9618806579;S
20240216;105050;7449.000000000;1;9618806580;S
20240216;105050;7449.000000000;1;9618806581;S
20240216;105050;7449.000000000;5;9618806582;S
20240216;105050;7448.500000000;6;9618806583;S
20240216;105050;7448.500000000;2;9618806584;S
20240216;105050;7448.500000000;2;9618806587;S
20240216;105050;7448.500000000;10;9618806588;S
20240216;105050;7448.500000000;10;9618806594;S
20240216;105050;7448.500000000;2;9618806597;S
20240216;105050;7448.500000000;1;9618806598;S
20240216;105050;7448.500000000;3;9618806599;S
20240216;105050;7448.500000000;1;9618806600;S
20240216;105050;7448.500000000;1;9618806601;S
20240216;105050;7448.000000000;5;9618806602;S
20240216;105050;7448.000000000;7;9618806603;S
20240216;105050;7448.000000000;3;9618806604;S
20240216;105050;7448.000000000;2;9618806605;S
20240216;105050;7447.000000000;1;9618806617;S
20240216;105050;7447.000000000;10;9618806619;S
20240216;105050;7447.000000000;15;9618806621;S
20240216;105050;7447.000000000;9;9618806622;S
20240216;105050;7447.000000000;1;9618806623;S
20240216;105050;7447.000000000;1;9618806624;S
20240216;105050;7446.500000000;5;9618806625;S
20240216;105050;7446.000000000;10;9618806626;S
20240216;105050;7446.000000000;2;9618806627;S
20240216;105050;7446.000000000;26;9618806628;S
20240216;105050;7445.000000000;5;9618806629;S
20240216;105050;7445.000000000;1;9618806630;S
20240216;105050;7445.000000000;1;9618806631;S
20240216;105050;7445.000000000;1;9618806632;S
20240216;105050;7445.000000000;2;9618806633;S
20240216;105050;7445.000000000;40;9618806634;S
20240216;105050;7445.000000000;20;9618806635;S
20240216;105050;7444.500000000;10;9618806636;S
20240216;105050;7444.000000000;10;9618806637;S
20240216;105050;7444.000000000;1;9618806638;S
20240216;105050;7444.000000000;1;9618806639;S
20240216;105050;7444.000000000;2;9618806640;S
20240216;105050;7444.000000000;20;9618806641;S
20240216;105050;7444.000000000;8;9618806642;B
20240216;105050;7444.000000000;30;9618806643;B
20240216;105050;7444.000000000;10;9618806644;B
20240216;105050;7444.000000000;5;9618806645;B
20240216;105050;7443.500000000;10;9618806646;S
20240216;105050;7443.500000000;20;9618806647;S
20240216;105050;7443.500000000;20;9618806648;S
20240216;105050;7444.000000000;20;9618806649;B
20240216;105050;7443.000000000;1;9618806650;S
20240216;105050;7443.000000000;10;9618806651;S
20240216;105050;7442.500000000;7;9618806652;S
20240216;105050;7442.500000000;1;9618806653;S
20240216;105050;7442.000000000;1;9618806654;S
20240216;105050;7441.000000000;1;9618806655;S
20240216;105050;7441.000000000;1;9618806656;S
20240216;105050;7441.000000000;1;9618806658;S
20240216;105050;7441.000000000;3;9618806663;S
20240216;105050;7441.000000000;2;9618806664;S
20240216;105050;7441.000000000;5;9618806665;S
20240216;105050;7442.500000000;10;9618806668;S
20240216;105050;7441.000000000;2;9618806669;S
20240216;105050;7441.000000000;15;9618806670;S
20240216;105050;7442.000000000;2;9618806683;S
20240216;105050;7442.000000000;8;9618806688;S
20240216;105050;7441.000000000;15;9618806689;S
20240216;105050;7441.000000000;10;9618806690;S
20240216;105050;7440.500000000;1;9618806691;S
20240216;105050;7440.500000000;1;9618806692;S
20240216;105050;7440.500000000;10;9618806693;S
20240216;105050;7440.500000000;5;9618806694;S
20240216;105050;7440.500000000;5;9618806697;S
20240216;105050;7440.500000000;5;9618806698;S
20240216;105050;7440.500000000;10;9618806699;S
20240216;105050;7441.500000000;2;9618806709;S
20240216;105050;7441.500000000;8;9618806710;S
20240216;105050;7440.500000000;4;9618806711;S
20240216;105050;7440.000000000;5;9618806712;S
20240216;105050;7440.000000000;15;9618806713;S
20240216;105050;7443.000000000;1;9618806715;B
20240216;105050;7441.000000000;1;9618806739;S
20240216;105050;7440.500000000;9;9618806740;S
20240216;105050;7440.500000000;3;9618806744;S
20240216;105050;7440.500000000;1;9618806749;S
20240216;105050;7440.500000000;10;9618806760;S
20240216;105050;7440.000000000;24;9618806761;S
20240216;105050;7440.000000000;1;9618806767;S
20240216;105051;7440.000000000;2;9618806770;S
20240216;105051;7440.000000000;15;9618806771;S
