<DATE>;<TIME>;<LAST>;<VOL>;<ID>;<OPER>
20240126;095948;6870.000000000;4;9468463939;B
20240126;095948;6870.000000000;1;9468463940;B
20240126;095948;6870.000000000;1;9468463941;S
20240126;095948;6870.000000000;1;9468463942;S
20240126;095948;6870.000000000;1;9468463943;S
20240126;095948;6870.000000000;2;9468463944;B
20240126;095948;6870.000000000;1;9468463945;B
20240126;095948;6870.000000000;1;9468463946;S
20240126;095948;6870.000000000;1;9468463947;S
20240126;095948;6870.000000000;1;9468463948;S
20240126;095948;6870.000000000;21;9468463949;B
20240126;095948;6870.000000000;1;9468463950;B
20240126;095948;6870.000000000;34;9468463951;B
20240126;095948;6870.000000000;5;9468463952;B
20240126;095948;6870.000000000;2;9468463953;B
20240126;100000;6864.500000000;1;9468469641;S
20240126;100000;6864.500000000;1;9468469642;S
20240126;100000;6864.500000000;1;9468469643;S
20240126;100000;6864.500000000;8;9468469644;S
20240126;100000;6864.500000000;4;9468469825;S
20240126;100000;6864.000000000;10;9468469833;S
20240126;100000;6863.500000000;3;9468469838;S
20240126;100000;6863.500000000;3;9468469839;S
20240126;100000;6861.000000000;1;9468469852;S
20240126;100000;6860.000000000;5;9468469866;S
20240126;100000;6860.000000000;17;9468469867;S
20240126;100000;6860.000000000;10;9468469877;S
20240126;100001;6860.500000000;20;9468470930;B
20240126;100001;6860.500000000;25;9468470931;B
20240126;100001;6860.000000000;3;9468471186;S
20240126;100001;6860.000000000;1;9468471187;S
20240126;100001;6860.000000000;1;9468471188;S
20240126;100001;6860.000000000;3;9468471189;B
20240126;100005;6862.500000000;1;9468474597;B
20240126;100005;6860.500000000;9;9468474633;S
20240126;100005;6860.000000000;6;9468474634;S
20240126;100005;6860.500000000;2;9468475301;S
20240126;100005;6862.500000000;2;9468475523;B
20240126;100005;6862.000000000;1;9468475540;B
20240126;100008;6859.500000000;1;9468478247;S
20240126;100008;6860.500000000;24;9468478642;S
20240126;100008;6859.000000000;6;9468478643;S
20240126;100012;6860.500000000;5;9468479851;B
20240126;100014;6861.500000000;1;9468480304;B
20240126;100015;6861.500000000;8;9468480578;S
20240126;100024;6862.500000000;1;9468482908;B
20240126;100032;6860.000000000;2;9468485086;S
20240126;100035;6862.500000000;2;9468485681;B
20240126;100052;6864.000000000;4;9468489469;B
20240126;100058;6864.000000000;5;9468490730;S
20240126;100111;6863.000000000;11;9468493224;B
20240126;100111;6863.500000000;9;9468493225;B
20240126;100111;6862.000000000;10;9468493242;S
20240126;100116;6863.500000000;1;9468494228;B
20240126;100122;6862.500000000;14;9468495307;B
20240126;100122;6863.000000000;4;9468495308;S
20240126;100123;6863.000000000;11;9468495486;S
20240126;100124;6863.000000000;1;9468495568;S
20240126;100141;6863.500000000;2;9468498763;S
20240126;100141;6863.000000000;1;9468498765;S
20240126;100141;6863.000000000;11;9468498796;S
20240126;100141;6863.500000000;20;9468498884;S
20240126;100143;6861.500000000;15;9468499313;S
20240126;100155;6862.000000000;30;9468501703;B
20240126;100156;6861.000000000;6;9468502062;S
20240126;100156;6861.000000000;11;9468502114;S
20240126;100209;6865.500000000;1;9468504178;B
20240126;100325;6864.500000000;2;9468515862;B
20240126;100332;6862.500000000;2;9468517577;S
20240126;100334;6862.500000000;9;9468518103;S
20240126;100334;6862.500000000;3;9468518104;S
20240126;100339;6861.500000000;11;9468519714;S
20240126;100339;6861.000000000;4;9468519715;S
20240126;100349;6861.000000000;3;9468521575;S
20240126;100401;6861.000000000;5;9468523751;S
20240126;100401;6860.500000000;9;9468523752;S
20240126;100401;6860.000000000;1;9468523753;S
20240126;100406;6862.000000000;3;9468524596;B
20240126;100407;6860.500000000;3;9468524960;S
20240126;100408;6860.500000000;6;9468525077;S
20240126;100408;6860.000000000;19;9468525078;S
20240126;100422;6861.000000000;2;9468527722;S
20240126;100425;6861.000000000;5;9468528272;S
20240126;100445;6862.000000000;1;9468531896;B
20240126;100447;6861.000000000;1;9468532217;S
20240126;100447;6861.000000000;1;9468532218;S
20240126;100449;6861.000000000;2;9468532615;S
20240126;100451;6861.000000000;3;9468532995;S
20240126;100454;6861.500000000;11;9468533622;B
20240126;100454;6861.500000000;9;9468533623;B
20240126;100501;6860.500000000;2;9468534558;S
20240126;100501;6860.500000000;1;9468534559;S
20240126;100501;6860.500000000;10;9468534560;S
20240126;100501;6860.500000000;12;9468534562;S
20240126;100501;6860.000000000;1;9468534563;S
20240126;100501;6860.000000000;1;9468534564;S
20240126;100501;6860.000000000;10;9468534565;S
20240126;100501;6860.000000000;23;9468534566;S
20240126;100501;6860.000000000;1;9468534567;S
20240126;100501;6860.000000000;2;9468534662;S
20240126;100505;6860.500000000;15;9468535395;B
20240126;100507;6860.000000000;7;9468535745;S
20240126;100511;6860.500000000;1;9468536578;B
20240126;100515;6860.000000000;17;9468537327;S
20240126;100515;6860.000000000;1;9468537328;S
20240126;100515;6859.000000000;2;9468537329;S
20240126;100515;6859.000000000;10;9468537330;S
20240126;100515;6857.500000000;3;9468537331;S
20240126;100534;6859.500000000;1;9468540109;B
20240126;100535;6857.500000000;20;9468540284;S
20240126;100535;6858.000000000;1;9468540344;B
20240126;100539;6859.500000000;1;9468540999;S
20240126;100545;6858.000000000;9;9468541796;S
20240126;100546;6857.500000000;1;9468541856;S
20240126;100551;6858.500000000;2;9468542575;B
20240126;100552;6858.500000000;8;9468542787;B
20240126;100552;6858.500000000;20;9468542788;B
20240126;100557;6859.500000000;2;9468543434;B
20240126;100607;6859.500000000;1;9468545140;B
20240126;100617;6859.000000000;2;9468546902;S
20240126;100622;6859.000000000;3;9468547575;S
20240126;100625;6859.000000000;10;9468548090;S
20240126;100625;6858.500000000;9;9468548091;S
20240126;100625;6858.000000000;21;9468548092;S
20240126;100625;6857.500000000;11;9468548093;S
20240126;100625;6857.500000000;22;9468548094;S
20240126;100625;6857.000000000;20;9468548095;S
20240126;100625;6857.000000000;1;9468548096;S
20240126;100625;6857.000000000;2;9468548097;S
20240126;100625;6857.000000000;4;9468548098;S
20240126;100646;6857.000000000;1;9468550983;S
20240126;100646;6857.000000000;1;9468550984;S
20240126;100650;6859.000000000;1;9468551601;B
20240126;100650;6859.500000000;15;9468551602;B
20240126;100650;6859.500000000;10;9468551603;B
20240126;100656;6860.000000000;6;9468552382;B
20240126;100657;6860.000000000;4;9468552461;B
20240126;100657;6860.000000000;3;9468552476;B
20240126;100657;6860.000000000;2;9468552477;B
20240126;100657;6860.000000000;3;9468552478;B
20240126;100657;6860.000000000;11;9468552479;B
20240126;100657;6861.500000000;5;9468552500;B
20240126;100657;6862.500000000;5;9468552565;B
20240126;100700;6861.000000000;9;9468553056;S
20240126;100700;6861.000000000;10;9468553057;S
20240126;100700;6860.000000000;10;9468553058;S
20240126;100700;6859.500000000;10;9468553059;S
20240126;100700;6859.000000000;10;9468553060;S
20240126;100700;6859.000000000;10;9468553061;S
20240126;100700;6858.500000000;22;9468553062;S
20240126;100700;6858.000000000;10;9468553063;S
20240126;100700;6858.000000000;20;9468553064;S
20240126;100700;6857.000000000;10;9468553065;S
20240126;100700;6857.000000000;1;9468553066;S
20240126;100700;6857.000000000;178;9468553067;B
20240126;100700;6859.000000000;5;9468553068;S
20240126;100700;6859.000000000;6;9468553069;S
20240126;100700;6859.000000000;4;9468553070;S
20240126;100700;6859.000000000;26;9468553071;B
20240126;100703;6858.500000000;1;9468553608;S
20240126;100721;6861.500000000;11;9468556419;B
20240126;100721;6862.000000000;10;9468556420;B
20240126;100721;6862.000000000;20;9468556421;B
20240126;100721;6862.500000000;12;9468556422;B
20240126;100721;6862.500000000;10;9468556423;B
20240126;100721;6863.000000000;9;9468556424;B
20240126;100732;6860.500000000;3;9468558023;S
20240126;100743;6860.500000000;1;9468559901;S
20240126;100749;6862.000000000;3;9468560621;B
20240126;100750;6862.000000000;2;9468560794;B
20240126;100752;6862.000000000;2;9468561100;B
20240126;100808;6861.000000000;1;9468563573;S
20240126;100818;6862.000000000;2;9468564877;B
20240126;100822;6862.000000000;1;9468565335;B
20240126;100830;6862.000000000;2;9468566410;B
20240126;100833;6862.000000000;2;9468566795;B
20240126;100840;6861.000000000;1;9468567814;S
20240126;100840;6861.000000000;10;9468567815;S
20240126;100840;6861.000000000;9;9468567816;S
20240126;100841;6862.000000000;6;9468567934;B
20240126;100843;6861.000000000;1;9468568271;S
20240126;100849;6862.000000000;1;9468569350;B
20240126;100853;6862.000000000;1;9468569750;B
20240126;100854;6862.000000000;15;9468569957;B
20240126;100854;6862.000000000;3;9468569958;B
20240126;100854;6863.000000000;49;9468569959;B
20240126;100854;6863.000000000;12;9468569960;B
20240126;100854;6863.000000000;10;9468569961;B
20240126;100854;6864.000000000;10;9468569962;B
20240126;100907;6863.000000000;10;9468571631;S
20240126;100907;6862.500000000;5;9468571632;S
20240126;100909;6863.000000000;10;9468571933;S
20240126;100909;6862.500000000;17;9468571934;S
20240126;100909;6862.000000000;23;9468571935;S
20240126;100938;6865.500000000;1;9468575991;B
20240126;100938;6865.500000000;9;9468575992;B
20240126;100939;6864.000000000;2;9468576267;S
20240126;100945;6864.000000000;9;9468577002;S
20240126;100945;6864.000000000;11;9468577003;S
20240126;100946;6864.000000000;1;9468577181;B
20240126;100947;6864.000000000;54;9468577308;B
20240126;100949;6865.500000000;1;9468577542;B
20240126;100952;6866.000000000;1;9468577954;B
20240126;100954;6865.500000000;5;9468578209;S
20240126;100956;6865.500000000;4;9468578583;S
20240126;101014;6866.000000000;6;9468581391;B
20240126;101016;6865.500000000;5;9468581613;S
20240126;101016;6865.500000000;1;9468581614;S
20240126;101016;6866.000000000;33;9468581633;B
20240126;101016;6866.000000000;29;9468581634;B
20240126;101016;6867.500000000;8;9468581635;S
20240126;101016;6868.000000000;11;9468581644;S
20240126;101016;6867.000000000;1;9468581645;S
20240126;101016;6867.000000000;11;9468581646;S
20240126;101017;6866.500000000;7;9468581753;S
20240126;101021;6867.000000000;2;9468582449;S
20240126;101037;6868.500000000;1;9468584829;B
20240126;101040;6868.500000000;20;9468585403;B
20240126;101044;6868.500000000;10;9468585945;B
20240126;101044;6868.500000000;11;9468585946;B
20240126;101053;6867.000000000;1;9468587299;S
20240126;101101;6867.500000000;2;9468588474;B
20240126;101101;6867.500000000;11;9468588475;B
20240126;101101;6868.500000000;7;9468588476;B
20240126;101109;6867.000000000;1;9468589588;S
20240126;101109;6867.000000000;1;9468589589;S
20240126;101115;6867.000000000;5;9468590730;B
20240126;101119;6867.000000000;4;9468591578;B
20240126;101121;6866.500000000;2;9468591812;S
20240126;101123;6866.000000000;15;9468592019;S
20240126;101124;6866.500000000;3;9468592100;B
20240126;101124;6866.500000000;10;9468592101;B
20240126;101124;6866.500000000;4;9468592102;B
20240126;101124;6866.500000000;13;9468592103;B
20240126;101124;6866.000000000;23;9468592190;S
20240126;101124;6864.000000000;2;9468592191;S
20240126;101124;6864.000000000;3;9468592192;S
20240126;101125;6863.500000000;2;9468592247;B
20240126;101125;6863.500000000;1;9468592314;B
20240126;101127;6863.500000000;1;9468592641;B
20240126;101132;6862.000000000;7;9468593208;S
20240126;101141;6863.000000000;2;9468594808;B
20240126;101150;6863.000000000;1;9468596207;B
20240126;101150;6862.000000000;5;9468596256;S
20240126;101151;6862.000000000;100;9468596304;S
20240126;101151;6862.000000000;9;9468596315;S
20240126;101156;6862.000000000;38;9468597382;S
20240126;101156;6862.000000000;1;9468597383;S
20240126;101156;6862.000000000;10;9468597384;S
20240126;101202;6861.500000000;1;9468598533;B
20240126;101207;6861.000000000;1;9468599314;S
20240126;101208;6862.000000000;2;9468599470;B
20240126;101215;6862.000000000;8;9468600498;B
20240126;101215;6862.500000000;2;9468600499;B
20240126;101215;6861.000000000;8;9468600590;S
20240126;101224;6861.500000000;1;9468602034;B
20240126;101227;6861.500000000;3;9468602526;B
20240126;101229;6860.500000000;1;9468602668;S
20240126;101235;6860.000000000;1;9468603471;S
20240126;101235;6860.000000000;1;9468603472;S
20240126;101235;6860.000000000;1;9468603473;S
20240126;101235;6860.000000000;2;9468603474;S
20240126;101235;6859.000000000;3;9468603475;S
20240126;101237;6859.500000000;2;9468603816;S
20240126;101237;6860.500000000;1;9468603817;B
20240126;101240;6860.000000000;10;9468604125;S
20240126;101246;6860.000000000;10;9468604993;S
20240126;101249;6859.500000000;2;9468605444;S
20240126;101250;6859.000000000;4;9468605606;S
20240126;101250;6858.000000000;1;9468605607;S
20240126;101250;6858.000000000;5;9468605608;S
20240126;101250;6858.000000000;1;9468605610;S
20240126;101251;6858.500000000;2;9468605729;B
20240126;101304;6858.500000000;2;9468607503;B
20240126;101311;6858.500000000;4;9468609275;S
20240126;101311;6860.000000000;10;9468609308;B
20240126;101324;6860.000000000;1;9468611246;B
20240126;101339;6860.000000000;7;9468613380;B
20240126;101339;6860.500000000;8;9468613381;B
20240126;101340;6860.500000000;14;9468613518;B
20240126;101347;6860.000000000;4;9468614500;S
20240126;101347;6860.000000000;1;9468614631;S
20240126;101347;6860.000000000;10;9468614632;S
20240126;101347;6860.000000000;15;9468614633;S
20240126;101347;6859.000000000;10;9468614634;S
20240126;101347;6859.000000000;22;9468614635;S
20240126;101347;6858.500000000;1;9468614636;S
20240126;101347;6858.500000000;10;9468614637;S
20240126;101347;6858.500000000;31;9468614638;S
20240126;101352;6858.000000000;21;9468615317;S
20240126;101352;6858.000000000;5;9468615318;S
20240126;101352;6858.000000000;1;9468615319;S
20240126;101352;6858.000000000;11;9468615320;S
20240126;101352;6858.000000000;10;9468615321;S
20240126;101352;6858.000000000;52;9468615322;S
20240126;101356;6857.000000000;100;9468615876;S
20240126;101359;6857.000000000;67;9468616290;S
20240126;101359;6857.000000000;1;9468616291;S
20240126;101359;6857.000000000;2;9468616292;S
20240126;101405;6856.500000000;2;9468616991;S
20240126;101410;6855.500000000;3;9468617713;S
20240126;101410;6855.500000000;2;9468617714;S
20240126;101410;6855.500000000;2;9468617715;S
20240126;101410;6855.500000000;1;9468617716;S
20240126;101410;6855.000000000;3;9468617717;S
20240126;101410;6855.000000000;10;9468617718;S
20240126;101410;6855.000000000;3;9468617719;S
20240126;101410;6855.000000000;76;9468617720;S
20240126;101410;6855.500000000;1;9468617742;S
20240126;101410;6855.500000000;3;9468617743;S
20240126;101431;6857.500000000;3;9468620203;B
20240126;101431;6859.000000000;2;9468620204;B
20240126;101455;6858.000000000;12;9468623327;S
20240126;101455;6857.000000000;10;9468623328;S
20240126;101455;6857.000000000;68;9468623329;S
20240126;101459;6856.500000000;10;9468623910;S
20240126;101459;6856.500000000;6;9468623911;S
20240126;101459;6856.000000000;31;9468623912;S
20240126;101459;6856.000000000;10;9468623913;S
20240126;101459;6855.500000000;10;9468623914;S
20240126;101459;6855.500000000;1;9468623915;S
20240126;101459;6855.500000000;2;9468623916;S
20240126;101459;6855.000000000;30;9468623917;S
20240126;101459;6859.500000000;5;9468623960;B
20240126;101500;6855.000000000;15;9468624045;S
20240126;101504;6855.000000000;100;9468624755;S
20240126;101512;6855.500000000;3;9468626157;B
20240126;101512;6858.000000000;3;9468626158;B
20240126;101516;6857.000000000;5;9468626889;B
20240126;101524;6857.000000000;10;9468628458;B
20240126;101533;6857.000000000;3;9468630526;S
20240126;101541;6859.000000000;9;9468632589;B
20240126;101541;6859.000000000;80;9468632590;B
20240126;101541;6860.000000000;11;9468632591;B
20240126;101548;6858.500000000;1;9468634301;S
20240126;101555;6860.000000000;20;9468635683;B
20240126;101555;6860.500000000;28;9468635684;B
20240126;101555;6860.500000000;20;9468635685;B
20240126;101555;6861.500000000;65;9468635686;B
20240126;101555;6862.000000000;7;9468635687;B
20240126;101556;6861.500000000;1;9468635843;B
20240126;101601;6859.000000000;1;9468636831;S
20240126;101616;6856.500000000;19;9468639944;S
20240126;101616;6856.000000000;2;9468639945;S
20240126;101616;6856.000000000;8;9468639946;S
20240126;101616;6856.000000000;54;9468639947;S
20240126;101616;6855.500000000;17;9468639948;S
20240126;101620;6859.500000000;10;9468640615;B
20240126;101620;6859.500000000;18;9468640616;B
20240126;101620;6860.000000000;10;9468640714;B
20240126;101620;6860.500000000;10;9468640715;B
20240126;101620;6861.000000000;8;9468640716;B
20240126;101620;6858.500000000;2;9468640861;S
20240126;101622;6860.000000000;10;9468641228;B
20240126;101622;6860.500000000;10;9468641229;B
20240126;101622;6860.500000000;5;9468641230;B
20240126;101646;6857.500000000;1;9468644847;B
20240126;101654;6856.000000000;1;9468645957;S
20240126;101703;6856.000000000;1;9468647489;S
20240126;101704;6856.000000000;1;9468647680;B
20240126;101714;6856.000000000;1;9468649815;B
20240126;101720;6856.500000000;2;9468651016;B
20240126;101727;6855.500000000;1;9468652147;S
20240126;101727;6855.500000000;3;9468652148;S
20240126;101731;6855.000000000;79;9468652935;S
20240126;101731;6855.000000000;1;9468652936;S
20240126;101731;6855.000000000;5;9468652937;S
20240126;101731;6855.000000000;1;9468652938;S
20240126;101731;6855.000000000;20;9468652939;S
20240126;101731;6855.000000000;1;9468652940;S
20240126;101731;6855.000000000;2;9468652941;S
20240126;101731;6855.000000000;1;9468652942;S
20240126;101731;6855.000000000;51;9468652943;S
20240126;101731;6855.000000000;10;9468652944;S
20240126;101731;6855.000000000;6;9468652946;S
20240126;101734;6855.000000000;1;9468653601;S
20240126;101735;6856.000000000;1;9468653916;B
20240126;101735;6856.000000000;1;9468653917;B
20240126;101736;6855.000000000;32;9468654190;S
20240126;101736;6855.000000000;30;9468654191;S
20240126;101736;6855.000000000;2;9468654192;S
20240126;101736;6855.000000000;8;9468654193;S
20240126;101736;6855.000000000;1;9468654194;S
20240126;101736;6855.000000000;11;9468654195;S
20240126;101736;6854.500000000;1;9468654196;S
20240126;101736;6853.500000000;25;9468654197;S
20240126;101736;6853.000000000;1;9468654198;S
20240126;101736;6853.000000000;80;9468654199;S
20240126;101736;6853.000000000;19;9468654200;S
20240126;101736;6852.500000000;40;9468654201;S
20240126;101736;6852.500000000;40;9468654202;S
20240126;101736;6852.000000000;1;9468654203;S
20240126;101736;6852.000000000;2;9468654204;S
20240126;101736;6852.000000000;1;9468654205;S
20240126;101736;6852.000000000;1;9468654206;S
20240126;101736;6852.000000000;10;9468654207;S
20240126;101736;6852.000000000;10;9468654208;S
20240126;101736;6851.500000000;30;9468654209;S
20240126;101736;6851.500000000;1;9468654210;S
20240126;101736;6851.500000000;2;9468654211;S
20240126;101736;6851.500000000;4;9468654212;S
20240126;101736;6851.500000000;11;9468654213;S
20240126;101736;6851.000000000;3;9468654214;S
20240126;101736;6851.000000000;3;9468654215;S
20240126;101736;6851.000000000;30;9468654216;S
20240126;101736;6851.000000000;5;9468654217;S
20240126;101736;6851.000000000;50;9468654218;S
20240126;101736;6851.000000000;24;9468654219;S
20240126;101736;6851.000000000;10;9468654220;S
20240126;101736;6851.000000000;1;9468654221;S
20240126;101736;6850.500000000;1;9468654222;S
20240126;101736;6850.500000000;50;9468654223;S
20240126;101736;6850.500000000;3;9468654224;S
20240126;101736;6850.500000000;1;9468654225;S
20240126;101736;6850.500000000;1;9468654226;S
20240126;101736;6850.500000000;30;9468654227;S
20240126;101736;6850.500000000;1;9468654228;S
20240126;101736;6850.000000000;1;9468654229;S
20240126;101736;6850.000000000;1;9468654230;S
20240126;101736;6850.000000000;1;9468654231;S
20240126;101736;6850.000000000;1;9468654232;S
20240126;101736;6850.000000000;6;9468654233;S
20240126;101736;6850.000000000;25;9468654234;S
20240126;101736;6850.000000000;1;9468654235;S
20240126;101736;6850.000000000;10;9468654236;S
20240126;101736;6850.000000000;2;9468654237;S
20240126;101736;6850.000000000;1;9468654238;S
20240126;101736;6850.000000000;5;9468654239;S
20240126;101736;6850.000000000;2;9468654240;S
20240126;101736;6850.000000000;3;9468654241;S
20240126;101736;6850.000000000;1;9468654242;S
20240126;101736;6850.000000000;37;9468654243;S
20240126;101736;6850.000000000;1;9468654244;S
20240126;101736;6850.000000000;3;9468654245;S
20240126;101736;6850.000000000;1;9468654246;S
20240126;101736;6850.000000000;20;9468654247;S
20240126;101736;6850.000000000;5;9468654248;S
20240126;101736;6850.000000000;1;9468654249;S
20240126;101736;6850.000000000;5;9468654250;S
20240126;101736;6850.000000000;11;9468654251;S
20240126;101736;6850.000000000;9;9468654252;S
20240126;101736;6852.500000000;7;9468654254;S
20240126;101736;6850.000000000;1;9468654275;S
20240126;101736;6850.000000000;8;9468654276;S
20240126;101736;6849.500000000;6;9468654277;S
20240126;101736;6849.000000000;6;9468654278;S
20240126;101736;6849.000000000;19;9468654279;S
20240126;101736;6849.000000000;1;9468654290;S
20240126;101737;6849.000000000;6;9468654410;S
20240126;101737;6849.500000000;1;9468654427;B
20240126;101737;6849.000000000;1;9468654468;S
20240126;101737;6848.500000000;6;9468654469;S
20240126;101737;6848.500000000;3;9468654470;S
20240126;101737;6848.500000000;5;9468654471;S
20240126;101737;6848.500000000;5;9468654472;S
20240126;101737;6848.000000000;1;9468654492;S
20240126;101737;6848.000000000;4;9468654493;S
20240126;101737;6848.000000000;2;9468654497;S
20240126;101737;6848.000000000;2;9468654498;S
20240126;101738;6848.000000000;48;9468654568;S
20240126;101738;6848.000000000;1;9468654569;S
20240126;101738;6848.000000000;2;9468654570;S
20240126;101738;6847.500000000;6;9468654571;S
20240126;101738;6847.500000000;10;9468654572;S
20240126;101738;6847.500000000;2;9468654573;S
20240126;101738;6847.500000000;2;9468654574;S
20240126;101738;6847.500000000;2;9468654575;S
20240126;101738;6847.500000000;2;9468654576;S
20240126;101738;6847.500000000;5;9468654577;S
20240126;101738;6847.000000000;6;9468654578;S
20240126;101738;6847.000000000;3;9468654579;S
20240126;101738;6847.000000000;1;9468654580;S
20240126;101738;6846.500000000;6;9468654581;S
20240126;101738;6846.500000000;1;9468654582;S
20240126;101738;6846.000000000;6;9468654583;S
20240126;101738;6846.000000000;29;9468654584;S
20240126;101738;6846.000000000;12;9468654585;S
20240126;101738;6845.500000000;6;9468654586;S
20240126;101738;6845.500000000;11;9468654587;S
20240126;101738;6845.000000000;1;9468654588;S
20240126;101738;6845.000000000;6;9468654589;S
20240126;101738;6845.000000000;2;9468654590;S
20240126;101738;6845.000000000;10;9468654591;S
20240126;101738;6845.000000000;1;9468654592;S
20240126;101738;6845.000000000;15;9468654593;S
20240126;101738;6845.000000000;1;9468654594;S
20240126;101738;6845.000000000;1;9468654595;S
20240126;101738;6845.000000000;11;9468654596;S
20240126;101738;6845.000000000;3;9468654597;S
20240126;101738;6845.000000000;1;9468654598;S
20240126;101738;6844.500000000;6;9468654599;S
20240126;101738;6844.500000000;31;9468654600;S
20240126;101738;6845.500000000;9;9468654610;B
20240126;101739;6846.000000000;1;9468654756;S
20240126;101739;6846.000000000;7;9468654757;S
20240126;101745;6848.500000000;1;9468655734;B
20240126;101747;6848.500000000;16;9468656175;B
20240126;101747;6848.500000000;10;9468656176;B
20240126;101751;6848.500000000;5;9468656877;S
20240126;101751;6848.500000000;10;9468656878;S
20240126;101751;6847.500000000;5;9468656879;S
20240126;101751;6847.500000000;5;9468656880;S
20240126;101751;6847.000000000;22;9468656881;S
20240126;101751;6846.500000000;1;9468656882;S
20240126;101751;6846.500000000;5;9468656883;S
20240126;101751;6846.500000000;5;9468656884;S
20240126;101751;6846.000000000;10;9468656885;S
20240126;101751;6845.500000000;18;9468656886;S
20240126;101751;6845.000000000;1;9468656887;S
20240126;101751;6845.000000000;1;9468656888;S
20240126;101751;6845.000000000;2;9468656889;S
20240126;101751;6845.000000000;40;9468656890;S
20240126;101751;6845.000000000;11;9468656891;S
20240126;101751;6845.000000000;9;9468656892;S
20240126;101758;6845.000000000;1;9468658132;B
20240126;101800;6844.500000000;26;9468658500;S
20240126;101800;6844.500000000;10;9468658501;S
20240126;101800;6844.000000000;40;9468658502;S
20240126;101800;6844.000000000;6;9468658503;S
20240126;101800;6844.000000000;18;9468658504;S
20240126;101815;6845.500000000;11;9468662100;S
20240126;101815;6845.000000000;1;9468662101;S
20240126;101815;6845.000000000;10;9468662102;S
20240126;101815;6844.500000000;8;9468662103;S
20240126;101816;6845.000000000;10;9468662196;S
20240126;101819;6846.000000000;1;9468662920;B
20240126;101820;6845.000000000;1;9468663026;S
20240126;101820;6845.000000000;2;9468663027;S
20240126;101823;6846.000000000;2;9468663550;B
20240126;101823;6845.000000000;1;9468663553;S
20240126;101823;6845.000000000;10;9468663568;S
20240126;101823;6844.500000000;1;9468663569;S
20240126;101823;6844.500000000;1;9468663570;S
20240126;101823;6844.500000000;3;9468663571;S
20240126;101823;6844.000000000;1;9468663572;S
20240126;101823;6844.000000000;1;9468663573;S
20240126;101823;6844.000000000;50;9468663574;S
20240126;101824;6844.000000000;1;9468663753;B
20240126;101826;6844.000000000;102;9468664152;B
20240126;101826;6843.500000000;1;9468664163;S
20240126;101829;6844.000000000;2;9468664594;B
20240126;101832;6844.000000000;14;9468665030;B
20240126;101834;6844.000000000;5;9468665382;B
20240126;101836;6843.500000000;5;9468665620;S
20240126;101836;6843.500000000;1;9468665621;S
20240126;101836;6843.500000000;1;9468665622;S
20240126;101836;6843.000000000;1;9468665623;S
20240126;101836;6843.000000000;6;9468665624;S
20240126;101836;6843.000000000;1;9468665625;S
20240126;101837;6843.500000000;25;9468665755;S
20240126;101837;6843.500000000;9;9468665756;S
20240126;101837;6843.000000000;2;9468665757;S
20240126;101837;6843.000000000;2;9468665758;S
20240126;101837;6843.000000000;22;9468665759;S
20240126;101840;6844.000000000;2;9468666213;B
20240126;101846;6843.000000000;22;9468667232;S
20240126;101846;6842.500000000;1;9468667233;S
20240126;101846;6842.500000000;6;9468667234;S
20240126;101846;6842.500000000;40;9468667235;S
20240126;101847;6842.500000000;1;9468667309;S
20240126;101847;6842.500000000;1;9468667310;S
20240126;101847;6842.500000000;1;9468667311;S
20240126;101847;6842.500000000;1;9468667312;S
20240126;101847;6842.500000000;1;9468667313;S
20240126;101847;6842.500000000;1;9468667314;S
20240126;101847;6842.500000000;1;9468667315;S
20240126;101848;6844.000000000;2;9468667542;B
20240126;101854;6843.000000000;1;9468668619;S
20240126;101856;6844.000000000;100;9468669016;B
20240126;101901;6844.000000000;5;9468669900;B
20240126;101902;6844.000000000;20;9468670132;B
20240126;101903;6844.000000000;7;9468670245;B
20240126;101903;6844.000000000;27;9468670246;B
20240126;101903;6844.000000000;1;9468670247;B
20240126;101905;6844.000000000;72;9468670702;B
20240126;101906;6844.000000000;6;9468670943;B
20240126;101907;6844.000000000;4;9468671073;B
20240126;101908;6844.000000000;1;9468671271;B
20240126;101911;6843.500000000;3;9468671656;S
20240126;101912;6844.000000000;20;9468671927;B
20240126;101914;6844.000000000;2;9468672314;B
20240126;101914;6844.000000000;7;9468672396;B
20240126;101916;6843.500000000;8;9468672603;S
20240126;101916;6843.500000000;1;9468672663;S
20240126;101917;6843.500000000;1;9468672744;S
20240126;101920;6844.000000000;2;9468673245;B
20240126;101923;6843.500000000;1;9468673771;S
20240126;101924;6844.000000000;5;9468673898;B
20240126;101925;6843.500000000;1;9468674109;S
20240126;101927;6843.500000000;1;9468674901;S
20240126;101927;6843.500000000;5;9468674902;S
20240126;101931;6843.500000000;2;9468675998;B
20240126;101931;6843.500000000;1;9468676108;B
20240126;101933;6843.500000000;2;9468676386;B
20240126;101934;6843.000000000;1;9468676537;S
20240126;101943;6843.500000000;2;9468677980;B
20240126;101954;6843.000000000;1;9468679192;B
20240126;101957;6843.000000000;1;9468679535;S
20240126;101957;6843.000000000;1;9468679552;S
20240126;101957;6843.000000000;9;9468679553;S
20240126;101957;6842.500000000;22;9468679554;S
20240126;101957;6842.500000000;3;9468679555;S
20240126;101957;6842.000000000;2;9468679556;S
20240126;101957;6842.000000000;6;9468679557;S
20240126;101957;6842.000000000;25;9468679558;S
20240126;101957;6842.000000000;3;9468679559;S
20240126;101957;6842.000000000;1;9468679560;S
20240126;101957;6841.500000000;6;9468679561;S
20240126;101957;6841.000000000;6;9468679562;S
20240126;101957;6841.000000000;14;9468679563;S
20240126;101957;6841.000000000;1;9468679564;S
20240126;101957;6841.000000000;2;9468679565;S
20240126;101957;6841.000000000;7;9468679566;S
20240126;101957;6841.000000000;7;9468679567;S
20240126;101957;6840.500000000;6;9468679568;S
20240126;101957;6840.500000000;1;9468679569;S
20240126;101957;6840.500000000;1;9468679570;S
20240126;101957;6840.500000000;10;9468679571;S
20240126;101957;6840.500000000;10;9468679572;S
20240126;101957;6840.500000000;1;9468679573;S
20240126;101957;6840.000000000;2;9468679574;S
20240126;101957;6840.000000000;1;9468679575;S
20240126;101957;6840.000000000;6;9468679576;S
20240126;101957;6840.000000000;1;9468679577;S
20240126;101957;6840.000000000;1;9468679578;S
20240126;101957;6840.000000000;1;9468679579;S
20240126;101957;6840.000000000;1;9468679580;S
20240126;101957;6840.000000000;2;9468679581;S
20240126;101957;6840.000000000;1;9468679582;S
20240126;101957;6840.000000000;20;9468679583;S
20240126;101957;6840.000000000;20;9468679584;S
20240126;101957;6839.500000000;6;9468679585;S
20240126;101957;6839.500000000;40;9468679586;S
20240126;101957;6839.500000000;2;9468679587;S
20240126;101957;6839.500000000;2;9468679588;S
20240126;101957;6839.500000000;2;9468679589;S
20240126;101957;6839.500000000;2;9468679590;S
20240126;101957;6839.500000000;1;9468679591;S
20240126;101957;6839.000000000;6;9468679592;S
20240126;101957;6839.000000000;1;9468679593;S
20240126;101957;6838.500000000;6;9468679594;S
20240126;101957;6838.500000000;10;9468679595;S
20240126;101957;6838.500000000;14;9468679596;S
20240126;101957;6838.000000000;1;9468679597;S
20240126;101957;6838.000000000;6;9468679598;S
20240126;101957;6838.000000000;1;9468679599;S
20240126;101957;6838.000000000;5;9468679600;S
20240126;101957;6839.500000000;3;9468679652;B
20240126;101958;6839.500000000;1;9468679660;B
20240126;101958;6839.500000000;1;9468679663;B
20240126;101958;6839.500000000;3;9468679679;B
20240126;101958;6838.500000000;4;9468679680;S
20240126;101958;6839.000000000;22;9468679682;B
20240126;101958;6839.000000000;5;9468679694;B
20240126;101958;6839.000000000;1;9468679695;B
20240126;101958;6838.500000000;6;9468679697;S
20240126;101958;6838.500000000;2;9468679698;S
20240126;101958;6838.500000000;4;9468679702;S
20240126;101958;6838.000000000;1;9468679703;S
20240126;101958;6839.000000000;1;9468679704;B
20240126;101958;6838.000000000;28;9468679705;S
20240126;101958;6838.000000000;2;9468679706;S
20240126;101958;6838.000000000;10;9468679707;S
20240126;101958;6838.000000000;2;9468679708;S
20240126;101958;6837.500000000;6;9468679709;S
20240126;101958;6837.500000000;2;9468679710;S
20240126;101958;6837.500000000;10;9468679711;S
20240126;101958;6837.500000000;10;9468679712;S
20240126;101958;6837.000000000;6;9468679713;S
20240126;101958;6837.000000000;1;9468679714;S
20240126;101958;6837.000000000;36;9468679715;S
20240126;101958;6836.500000000;6;9468679716;S
20240126;101958;6836.500000000;4;9468679717;S
20240126;101958;6836.000000000;6;9468679718;S
20240126;101958;6836.000000000;1;9468679719;S
20240126;101958;6836.000000000;1;9468679720;S
20240126;101958;6836.000000000;20;9468679721;S
20240126;101958;6836.000000000;29;9468679722;S
20240126;101958;6835.500000000;6;9468679723;S
20240126;101958;6835.500000000;2;9468679724;S
20240126;101958;6835.500000000;191;9468679725;S
20240126;101958;6835.500000000;20;9468679726;S
20240126;101958;6835.000000000;6;9468679727;S
20240126;101958;6835.000000000;1;9468679728;S
20240126;101958;6835.000000000;1;9468679729;S
20240126;101958;6835.000000000;10;9468679730;S
20240126;101958;6835.000000000;1;9468679731;S
20240126;101958;6835.000000000;5;9468679732;S
20240126;101958;6834.500000000;6;9468679733;S
20240126;101958;6834.500000000;6;9468679734;S
20240126;101958;6836.500000000;1;9468679746;S
20240126;101958;6839.000000000;19;9468679747;B
20240126;101958;6839.000000000;11;9468679748;B
20240126;101958;6840.000000000;20;9468679749;S
20240126;101958;6842.000000000;5;9468679801;S
20240126;101959;6843.000000000;7;9468679919;B
20240126;101959;6840.000000000;5;9468679945;S
20240126;102004;6842.000000000;3;9468680689;B
20240126;102009;6840.500000000;1;9468681813;S
20240126;102010;6841.000000000;11;9468681905;B
20240126;102010;6841.000000000;18;9468681906;B
20240126;102011;6840.500000000;1;9468682071;S
20240126;102012;6840.500000000;3;9468682343;S
20240126;102012;6840.500000000;5;9468682344;S
20240126;102012;6840.500000000;1;9468682345;S
20240126;102012;6840.000000000;307;9468682419;S
20240126;102012;6840.000000000;18;9468682420;S
20240126;102012;6840.000000000;1;9468682447;S
20240126;102012;6840.000000000;1;9468682448;S
20240126;102012;6840.000000000;10;9468682449;S
20240126;102012;6840.000000000;5;9468682450;S
20240126;102012;6840.000000000;42;9468682451;S
20240126;102012;6838.000000000;1;9468682452;S
20240126;102012;6835.000000000;2;9468682453;S
20240126;102012;6835.000000000;1;9468682454;S
20240126;102012;6835.000000000;30;9468682455;S
20240126;102012;6835.000000000;17;9468682456;S
20240126;102012;6835.000000000;31;9468682457;S
20240126;102015;6834.000000000;6;9468682804;S
20240126;102015;6833.500000000;4;9468682805;S
20240126;102015;6834.500000000;4;9468682814;B
20240126;102015;6834.000000000;4;9468682825;B
20240126;102016;6834.000000000;10;9468683007;B
20240126;102020;6834.000000000;1;9468683610;B
20240126;102021;6834.000000000;20;9468683908;B
20240126;102023;6834.000000000;10;9468684089;B
20240126;102026;6833.500000000;2;9468684538;S
20240126;102026;6833.500000000;5;9468684539;S
20240126;102026;6833.500000000;1;9468684540;S
20240126;102026;6833.500000000;2;9468684541;B
20240126;102026;6833.500000000;4;9468684542;B
20240126;102026;6833.500000000;1;9468684608;B
20240126;102027;6833.000000000;5;9468684675;S
20240126;102027;6833.500000000;1;9468684778;B
20240126;102028;6836.000000000;5;9468684861;B
20240126;102028;6836.500000000;3;9468684862;B
20240126;102028;6836.500000000;48;9468684863;B
20240126;102028;6837.500000000;5;9468684864;B
20240126;102028;6836.500000000;22;9468684865;B
20240126;102032;6840.500000000;28;9468685739;B
20240126;102032;6838.000000000;3;9468685796;S
20240126;102032;6837.500000000;5;9468685797;S
20240126;102038;6840.000000000;1;9468686529;B
20240126;102038;6840.000000000;5;9468686532;B
20240126;102044;6838.500000000;1;9468687392;S
20240126;102051;6840.000000000;1;9468688407;B
20240126;102053;6840.000000000;4;9468688673;B
20240126;102053;6840.000000000;16;9468688674;B
20240126;102053;6840.500000000;2;9468688675;B
20240126;102053;6840.500000000;1;9468688723;B
20240126;102056;6840.500000000;5;9468689075;B
20240126;102058;6840.500000000;3;9468689375;B
20240126;102103;6840.500000000;1;9468689966;B
20240126;102107;6840.500000000;10;9468690543;B
20240126;102113;6840.500000000;42;9468691422;B
20240126;102124;6840.000000000;3;9468693263;S
20240126;102124;6840.000000000;10;9468693264;S
20240126;102124;6840.000000000;40;9468693265;S
20240126;102124;6840.000000000;7;9468693266;S
20240126;102130;6840.000000000;4;9468694148;S
20240126;102130;6840.500000000;1;9468694156;B
20240126;102131;6840.500000000;30;9468694177;B
20240126;102136;6840.500000000;15;9468694958;B
20240126;102138;6840.500000000;14;9468695190;S
20240126;102143;6842.500000000;26;9468696041;B
20240126;102149;6841.000000000;3;9468696924;S
20240126;102150;6841.000000000;11;9468697094;S
20240126;102150;6841.000000000;13;9468697095;S
20240126;102150;6840.500000000;6;9468697096;S
20240126;102154;6841.500000000;2;9468697602;B
20240126;102159;6842.000000000;1;9468698386;B
20240126;102200;6840.500000000;11;9468698569;S
20240126;102205;6841.500000000;1;9468699204;B
20240126;102210;6841.500000000;2;9468699878;B
20240126;102214;6841.000000000;3;9468700329;S
20240126;102223;6842.000000000;2;9468701803;B
20240126;102228;6841.000000000;2;9468702318;B
20240126;102228;6842.000000000;17;9468702319;B
20240126;102228;6842.000000000;1;9468702320;B
20240126;102228;6843.000000000;1;9468702321;B
20240126;102228;6843.000000000;2;9468702322;B
20240126;102228;6844.000000000;80;9468702360;B
20240126;102228;6844.000000000;1;9468702374;B
20240126;102228;6844.000000000;28;9468702385;B
20240126;102228;6842.000000000;2;9468702497;S
20240126;102229;6844.000000000;5;9468702516;B
20240126;102233;6842.500000000;7;9468703261;S
20240126;102233;6842.000000000;20;9468703262;S
20240126;102233;6842.000000000;75;9468703263;S
20240126;102233;6842.000000000;7;9468703264;B
20240126;102237;6842.000000000;5;9468703751;B
20240126;102237;6842.000000000;5;9468703752;B
20240126;102237;6842.000000000;5;9468703753;B
20240126;102237;6842.000000000;5;9468703779;B
20240126;102237;6842.000000000;5;9468703780;B
20240126;102238;6842.000000000;5;9468703857;B
20240126;102238;6841.500000000;8;9468703927;S
20240126;102238;6841.500000000;1;9468703928;S
20240126;102238;6842.000000000;5;9468703929;B
20240126;102239;6842.000000000;5;9468703996;B
20240126;102239;6842.000000000;5;9468703997;B
20240126;102240;6842.000000000;5;9468704122;B
20240126;102241;6842.000000000;5;9468704337;B
20240126;102241;6842.000000000;9;9468704338;B
20240126;102241;6842.000000000;5;9468704339;B
20240126;102241;6842.000000000;4;9468704340;B
20240126;102241;6842.000000000;3;9468704390;B
20240126;102245;6842.000000000;1;9468705031;B
20240126;102258;6842.000000000;3;9468706654;B
20240126;102301;6841.500000000;1;9468707002;S
20240126;102301;6841.500000000;2;9468707003;S
20240126;102303;6841.500000000;23;9468707228;S
20240126;102303;6840.500000000;22;9468707229;S
20240126;102303;6840.000000000;16;9468707230;S
20240126;102303;6840.000000000;20;9468707231;S
20240126;102303;6840.000000000;1;9468707232;S
20240126;102303;6840.000000000;1;9468707233;S
20240126;102303;6840.000000000;1;9468707234;S
20240126;102303;6840.000000000;1;9468707235;S
20240126;102303;6840.000000000;2;9468707236;S
20240126;102303;6838.500000000;20;9468707237;S
20240126;102303;6838.500000000;61;9468707238;S
20240126;102303;6838.000000000;59;9468707239;S
20240126;102303;6838.000000000;2;9468707240;S
20240126;102303;6837.000000000;1;9468707241;S
20240126;102303;6837.000000000;2;9468707242;S
20240126;102303;6837.000000000;29;9468707243;S
20240126;102303;6836.500000000;20;9468707244;S
20240126;102303;6836.000000000;1;9468707245;S
20240126;102303;6836.000000000;1;9468707246;S
20240126;102303;6836.000000000;2;9468707247;S
20240126;102303;6836.000000000;5;9468707248;S
20240126;102303;6835.500000000;40;9468707249;S
20240126;102303;6835.000000000;29;9468707250;S
20240126;102303;6835.000000000;1;9468707251;S
20240126;102303;6835.000000000;4;9468707252;S
20240126;102303;6835.000000000;4;9468707253;S
20240126;102303;6834.500000000;40;9468707254;S
20240126;102303;6834.000000000;1;9468707255;S
20240126;102303;6834.000000000;1;9468707256;S
20240126;102303;6834.000000000;1;9468707257;S
20240126;102303;6834.000000000;20;9468707258;S
20240126;102303;6833.500000000;8;9468707259;S
20240126;102303;6833.000000000;1;9468707260;S
20240126;102303;6833.000000000;5;9468707261;S
20240126;102303;6833.000000000;1;9468707262;S
20240126;102303;6833.000000000;1;9468707263;S
20240126;102303;6833.000000000;1;9468707264;S
20240126;102303;6833.000000000;1;9468707265;S
20240126;102303;6833.000000000;40;9468707266;S
20240126;102303;6833.000000000;20;9468707267;S
20240126;102303;6832.500000000;6;9468707268;S
20240126;102303;6832.500000000;1;9468707269;S
20240126;102303;6832.500000000;50;9468707270;S
20240126;102303;6832.500000000;11;9468707271;S
20240126;102303;6832.000000000;6;9468707272;S
20240126;102303;6832.000000000;1;9468707273;S
20240126;102303;6832.000000000;1;9468707274;S
20240126;102303;6832.000000000;4;9468707275;S
20240126;102303;6832.000000000;1;9468707276;S
20240126;102303;6832.000000000;20;9468707277;S
20240126;102303;6831.500000000;6;9468707278;S
20240126;102303;6831.500000000;10;9468707279;S
20240126;102303;6831.000000000;6;9468707280;S
20240126;102303;6831.000000000;2;9468707281;S
20240126;102303;6831.000000000;2;9468707282;S
20240126;102303;6831.000000000;15;9468707283;S
20240126;102303;6831.000000000;1;9468707284;S
20240126;102303;6830.500000000;15;9468707285;S
20240126;102303;6830.500000000;6;9468707286;S
20240126;102303;6830.500000000;3;9468707287;S
20240126;102303;6830.000000000;2;9468707288;S
20240126;102303;6830.000000000;5;9468707289;S
20240126;102303;6830.000000000;5;9468707290;S
20240126;102303;6830.000000000;20;9468707291;S
20240126;102303;6830.000000000;1;9468707292;S
20240126;102303;6830.000000000;10;9468707293;S
20240126;102303;6830.000000000;6;9468707294;S
20240126;102303;6830.000000000;1;9468707295;S
20240126;102303;6830.000000000;3;9468707296;S
20240126;102303;6830.000000000;2;9468707297;S
20240126;102303;6830.000000000;1;9468707298;S
20240126;102303;6830.000000000;1;9468707299;S
20240126;102303;6830.000000000;5;9468707300;S
20240126;102303;6830.000000000;3;9468707301;S
20240126;102303;6830.000000000;2;9468707302;S
20240126;102303;6830.000000000;1;9468707303;S
20240126;102303;6830.000000000;1;9468707304;S
20240126;102303;6830.000000000;2;9468707305;S
20240126;102303;6830.000000000;20;9468707306;S
20240126;102303;6830.000000000;11;9468707307;S
20240126;102303;6830.000000000;2;9468707308;S
20240126;102303;6829.500000000;6;9468707309;S
20240126;102303;6829.500000000;40;9468707310;S
20240126;102303;6829.500000000;2;9468707311;S
20240126;102303;6829.000000000;1;9468707312;S
20240126;102303;6829.000000000;6;9468707313;S
20240126;102303;6829.000000000;2;9468707314;S
20240126;102303;6829.000000000;10;9468707315;S
20240126;102303;6828.500000000;6;9468707316;S
20240126;102303;6828.000000000;6;9468707317;S
20240126;102303;6828.000000000;1;9468707318;S
20240126;102303;6828.000000000;20;9468707319;S
20240126;102303;6827.500000000;6;9468707320;S
20240126;102303;6827.500000000;10;9468707321;S
20240126;102303;6827.500000000;50;9468707322;S
20240126;102303;6827.000000000;150;9468707323;S
20240126;102303;6827.000000000;2;9468707324;S
20240126;102303;6827.000000000;6;9468707325;S
20240126;102303;6827.000000000;11;9468707326;S
20240126;102303;6826.500000000;6;9468707327;S
20240126;102303;6826.500000000;20;9468707328;S
20240126;102303;6826.000000000;6;9468707329;S
20240126;102303;6826.000000000;3;9468707330;S
20240126;102303;6825.500000000;1;9468707331;S
20240126;102303;6825.500000000;5;9468707332;S
20240126;102303;6825.500000000;6;9468707333;S
20240126;102303;6825.000000000;1;9468707334;S
20240126;102303;6825.000000000;3;9468707335;S
20240126;102303;6825.000000000;6;9468707336;S
20240126;102303;6825.000000000;15;9468707337;S
20240126;102303;6825.000000000;25;9468707338;S
20240126;102303;6825.000000000;3;9468707339;S
20240126;102303;6825.000000000;5;9468707340;S
20240126;102303;6825.000000000;15;9468707341;S
20240126;102303;6825.000000000;2;9468707342;S
20240126;102303;6824.500000000;1;9468707343;S
20240126;102303;6824.500000000;6;9468707344;S
20240126;102303;6824.000000000;6;9468707345;S
20240126;102303;6824.000000000;1;9468707346;S
20240126;102303;6824.000000000;2;9468707347;S
20240126;102303;6824.000000000;1;9468707348;S
20240126;102303;6823.500000000;6;9468707349;S
20240126;102303;6823.500000000;40;9468707350;S
20240126;102303;6823.500000000;200;9468707351;S
20240126;102303;6823.000000000;6;9468707352;S
20240126;102303;6823.000000000;10;9468707353;S
20240126;102303;6823.000000000;108;9468707354;S
20240126;102303;6828.000000000;3;9468707355;S
20240126;102303;6823.500000000;4;9468707356;S
20240126;102303;6828.000000000;1;9468707358;S
20240126;102303;6828.000000000;10;9468707359;S
20240126;102303;6828.000000000;9;9468707360;S
20240126;102303;6828.000000000;2;9468707361;S
20240126;102303;6828.000000000;4;9468707362;S
20240126;102303;6832.000000000;2;9468707404;S
20240126;102303;6833.000000000;2;9468707406;B
20240126;102303;6832.000000000;3;9468707413;S
20240126;102303;6832.000000000;5;9468707414;S
20240126;102303;6833.000000000;5;9468707415;B
20240126;102304;6832.000000000;10;9468707442;S
20240126;102304;6833.000000000;1;9468707443;B
20240126;102304;6833.000000000;1;9468707444;B
20240126;102304;6832.000000000;11;9468707450;S
20240126;102304;6832.000000000;19;9468707453;S
20240126;102304;6831.500000000;2;9468707454;S
20240126;102304;6831.500000000;2;9468707455;S
20240126;102304;6831.500000000;2;9468707456;S
20240126;102304;6831.500000000;2;9468707457;S
20240126;102304;6831.500000000;13;9468707458;S
20240126;102304;6831.500000000;7;9468707461;S
20240126;102304;6831.500000000;1;9468707462;S
20240126;102304;6831.500000000;1;9468707463;S
20240126;102304;6831.500000000;25;9468707464;S
20240126;102304;6830.500000000;2;9468707465;S
20240126;102304;6829.000000000;9;9468707466;S
20240126;102304;6830.000000000;1;9468707477;S
20240126;102304;6830.000000000;1;9468707478;S
20240126;102304;6830.000000000;1;9468707479;S
20240126;102304;6830.000000000;1;9468707480;S
20240126;102304;6829.500000000;1;9468707482;B
20240126;102304;6828.500000000;3;9468707492;S
20240126;102304;6829.000000000;1;9468707494;B
20240126;102304;6828.500000000;1;9468707495;S
20240126;102304;6828.500000000;3;9468707498;S
20240126;102304;6828.500000000;3;9468707500;S
20240126;102304;6827.500000000;22;9468707501;S
20240126;102304;6827.000000000;20;9468707502;S
20240126;102304;6826.500000000;27;9468707503;S
20240126;102304;6828.500000000;1;9468707505;B
20240126;102304;6828.500000000;10;9468707507;B
20240126;102304;6828.500000000;1;9468707512;B
20240126;102304;6826.000000000;1;9468707517;S
20240126;102304;6828.500000000;1;9468707519;B
20240126;102304;6826.000000000;1;9468707529;S
20240126;102304;6826.000000000;6;9468707530;S
20240126;102304;6826.000000000;12;9468707532;S
20240126;102304;6826.000000000;1;9468707536;B
20240126;102304;6826.000000000;2;9468707566;S
20240126;102304;6827.500000000;1;9468707577;B
20240126;102304;6826.000000000;2;9468707579;S
20240126;102304;6826.000000000;20;9468707580;S
20240126;102304;6826.000000000;4;9468707581;S
20240126;102304;6826.000000000;5;9468707586;B
20240126;102304;6826.000000000;5;9468707587;B
20240126;102304;6825.500000000;40;9468707588;S
20240126;102304;6825.000000000;1;9468707589;S
20240126;102304;6825.000000000;1;9468707590;S
20240126;102304;6825.000000000;7;9468707591;S
20240126;102304;6825.000000000;1;9468707592;S
20240126;102304;6825.000000000;5;9468707593;B
20240126;102305;6824.500000000;2;9468707594;B
20240126;102305;6824.500000000;1;9468707605;B
20240126;102305;6824.500000000;20;9468707607;B
20240126;102305;6824.000000000;2;9468707608;S
20240126;102305;6824.000000000;2;9468707609;S
20240126;102305;6823.500000000;2;9468707610;S
20240126;102305;6823.500000000;5;9468707611;S
20240126;102305;6823.000000000;1;9468707612;S
20240126;102305;6822.500000000;2;9468707613;S
20240126;102305;6824.000000000;1;9468707618;B
20240126;102305;6825.000000000;4;9468707619;B
20240126;102305;6824.500000000;1;9468707628;B
20240126;102305;6824.000000000;10;9468707631;B
20240126;102305;6825.000000000;61;9468707644;B
20240126;102305;6826.000000000;10;9468707676;B
20240126;102305;6826.000000000;1;9468707677;B
20240126;102305;6826.000000000;1;9468707682;B
20240126;102305;6826.000000000;2;9468707683;B
20240126;102305;6826.000000000;10;9468707686;B
20240126;102305;6826.000000000;1;9468707689;B
20240126;102305;6826.000000000;2;9468707690;B
20240126;102305;6826.000000000;1;9468707692;B
20240126;102305;6826.000000000;2;9468707693;B
20240126;102305;6826.000000000;10;9468707700;B
20240126;102306;6826.000000000;1;9468707715;B
20240126;102306;6826.000000000;1;9468707716;B
20240126;102306;6826.000000000;1;9468707717;B
20240126;102306;6826.000000000;10;9468707755;B
20240126;102306;6826.000000000;1;9468707756;B
20240126;102306;6826.000000000;10;9468707783;B
20240126;102306;6826.000000000;10;9468707795;B
20240126;102306;6826.000000000;8;9468707796;B
20240126;102306;6826.000000000;4;9468707803;B
20240126;102306;6826.000000000;28;9468707826;B
20240126;102306;6826.000000000;12;9468707827;B
20240126;102306;6826.000000000;15;9468707829;B
20240126;102306;6826.000000000;10;9468707843;B
20240126;102306;6826.000000000;50;9468707875;B
20240126;102307;6826.000000000;5;9468707920;B
20240126;102308;6826.000000000;15;9468708019;B
20240126;102308;6826.000000000;1;9468708040;B
20240126;102308;6826.000000000;1;9468708104;B
20240126;102308;6826.000000000;50;9468708120;B
20240126;102308;6826.000000000;6;9468708121;B
20240126;102309;6826.000000000;2;9468708352;B
20240126;102310;6826.000000000;1;9468708475;B
20240126;102312;6826.000000000;2;9468708705;B
20240126;102312;6826.000000000;25;9468708708;B
20240126;102312;6826.000000000;4;9468708788;B
20240126;102312;6826.500000000;16;9468708789;B
20240126;102313;6826.500000000;2;9468708809;B
20240126;102313;6826.500000000;16;9468708897;B
20240126;102313;6826.500000000;2;9468708990;B
20240126;102314;6826.500000000;4;9468709041;B
20240126;102314;6827.000000000;2;9468709042;B
20240126;102314;6828.000000000;1;9468709043;B
20240126;102314;6828.500000000;4;9468709044;B
20240126;102315;6829.000000000;3;9468709182;B
20240126;102316;6828.000000000;1;9468709344;S
20240126;102316;6828.000000000;1;9468709345;S
20240126;102316;6828.000000000;5;9468709346;S
20240126;102316;6827.000000000;5;9468709347;S
20240126;102316;6826.500000000;1;9468709348;S
20240126;102316;6826.500000000;7;9468709349;S
20240126;102316;6826.000000000;10;9468709350;S
20240126;102316;6826.000000000;19;9468709351;S
20240126;102322;6828.000000000;8;9468710137;S
20240126;102322;6828.000000000;3;9468710154;S
20240126;102324;6828.500000000;1;9468710361;B
20240126;102325;6828.500000000;1;9468710473;B
20240126;102325;6828.000000000;1;9468710500;S
20240126;102326;6828.500000000;1;9468710720;B
20240126;102329;6828.500000000;1;9468710977;B
20240126;102330;6828.500000000;12;9468711139;B
20240126;102330;6828.500000000;1;9468711140;B
20240126;102330;6829.000000000;7;9468711141;B
20240126;102334;6828.000000000;1;9468711578;S
20240126;102334;6828.000000000;2;9468711579;S
20240126;102334;6828.000000000;1;9468711580;S
20240126;102335;6828.000000000;11;9468711630;B
20240126;102335;6828.500000000;10;9468711631;B
20240126;102335;6829.000000000;1;9468711632;B
20240126;102335;6829.000000000;1;9468711633;B
20240126;102335;6829.500000000;61;9468711634;B
20240126;102335;6829.500000000;11;9468711635;B
20240126;102335;6829.500000000;11;9468711636;B
20240126;102335;6829.500000000;1;9468711637;B
20240126;102335;6830.000000000;26;9468711638;B
20240126;102335;6830.000000000;3;9468711639;B
20240126;102335;6830.000000000;6;9468711640;B
20240126;102335;6830.000000000;4;9468711641;B
20240126;102335;6830.000000000;4;9468711642;B
20240126;102335;6830.500000000;12;9468711643;B
20240126;102335;6830.500000000;20;9468711644;B
20240126;102335;6832.000000000;3;9468711645;B
20240126;102335;6832.500000000;11;9468711646;B
20240126;102335;6832.500000000;4;9468711647;B
20240126;102336;6828.500000000;1;9468711821;S
20240126;102336;6828.500000000;9;9468711822;S
20240126;102341;6832.000000000;1;9468712353;B
20240126;102348;6832.000000000;2;9468713151;B
20240126;102350;6832.000000000;2;9468713446;B
20240126;102350;6832.000000000;1;9468713447;B
20240126;102350;6832.000000000;5;9468713448;B
20240126;102350;6832.500000000;1;9468713523;B
20240126;102351;6832.000000000;2;9468713561;S
20240126;102351;6832.000000000;1;9468713588;B
20240126;102354;6832.000000000;1;9468713992;B
20240126;102356;6832.000000000;5;9468714458;B
20240126;102357;6832.000000000;5;9468714564;B
20240126;102403;6832.000000000;3;9468715522;B
20240126;102403;6831.500000000;1;9468715523;S
20240126;102403;6831.500000000;1;9468715614;S
20240126;102403;6832.000000000;1;9468715665;B
20240126;102405;6831.500000000;1;9468715897;S
20240126;102406;6831.500000000;1;9468716112;S
20240126;102409;6830.500000000;5;9468716383;S
20240126;102409;6830.500000000;2;9468716433;S
20240126;102411;6831.000000000;1;9468716744;B
20240126;102412;6831.000000000;1;9468716868;B
20240126;102412;6830.500000000;1;9468716895;S
20240126;102413;6831.000000000;3;9468716976;B
20240126;102413;6831.000000000;11;9468716977;B
20240126;102413;6831.000000000;5;9468716978;B
20240126;102413;6831.500000000;1;9468716979;B
20240126;102413;6832.000000000;2;9468716980;B
20240126;102413;6832.000000000;40;9468716981;B
20240126;102413;6832.000000000;5;9468716982;B
20240126;102413;6832.000000000;5;9468716983;B
20240126;102417;6832.000000000;15;9468717338;S
20240126;102419;6832.000000000;13;9468717593;S
20240126;102419;6832.000000000;1;9468717594;S
20240126;102419;6831.000000000;1;9468717595;S
20240126;102419;6831.000000000;1;9468717596;S
20240126;102419;6830.500000000;14;9468717597;S
20240126;102419;6830.500000000;1;9468717598;S
20240126;102419;6830.500000000;26;9468717599;B
20240126;102419;6830.500000000;1;9468717622;B
20240126;102422;6830.500000000;1;9468717953;B
20240126;102424;6830.500000000;1;9468718121;B
20240126;102428;6830.500000000;10;9468718798;B
20240126;102428;6830.500000000;3;9468718871;B
20240126;102429;6830.500000000;5;9468719055;B
20240126;102430;6830.500000000;5;9468719206;B
20240126;102431;6830.000000000;30;9468719309;S
20240126;102433;6830.000000000;30;9468719470;S
20240126;102436;6830.000000000;40;9468719962;S
20240126;102436;6830.000000000;1;9468719963;S
20240126;102436;6830.000000000;1;9468719964;S
20240126;102436;6830.000000000;4;9468719965;S
20240126;102437;6830.000000000;3;9468720059;B
20240126;102437;6829.500000000;1;9468720148;S
20240126;102437;6829.000000000;1;9468720149;S
20240126;102437;6829.000000000;3;9468720150;S
20240126;102440;6830.000000000;30;9468720526;B
20240126;102447;6829.500000000;1;9468721601;S
20240126;102447;6829.500000000;1;9468721602;S
20240126;102447;6829.500000000;1;9468721603;S
20240126;102447;6829.500000000;1;9468721622;B
20240126;102448;6829.000000000;1;9468721730;S
20240126;102448;6828.500000000;2;9468721731;S
20240126;102448;6828.500000000;1;9468721732;S
20240126;102448;6828.000000000;2;9468721733;S
20240126;102448;6828.000000000;1;9468721734;S
20240126;102448;6827.500000000;3;9468721735;S
20240126;102448;6827.500000000;7;9468721776;S
20240126;102448;6827.500000000;2;9468721777;S
20240126;102448;6827.000000000;1;9468721778;S
20240126;102448;6827.000000000;1;9468721779;S
20240126;102448;6827.000000000;2;9468721780;S
20240126;102448;6826.500000000;1;9468721781;S
20240126;102448;6826.500000000;10;9468721782;S
20240126;102448;6826.000000000;1;9468721783;S
20240126;102448;6826.000000000;1;9468721784;S
20240126;102448;6826.000000000;2;9468721785;S
20240126;102449;6827.000000000;5;9468721845;B
20240126;102449;6827.000000000;2;9468721959;S
20240126;102449;6825.500000000;3;9468721960;S
20240126;102452;6826.500000000;4;9468722408;B
20240126;102452;6826.500000000;4;9468722409;B
20240126;102454;6826.000000000;1;9468722817;B
20240126;102455;6826.000000000;2;9468723120;B
20240126;102456;6825.500000000;7;9468723398;S
20240126;102456;6825.500000000;3;9468723399;S
20240126;102457;6826.000000000;1;9468723512;B
20240126;102500;6826.000000000;2;9468723971;B
20240126;102500;6826.500000000;10;9468724129;B
20240126;102503;6826.500000000;1;9468724574;B
20240126;102505;6826.000000000;4;9468724806;S
20240126;102505;6826.000000000;3;9468724822;S
20240126;102505;6826.000000000;2;9468724823;S
20240126;102505;6826.000000000;10;9468724824;S
20240126;102505;6826.000000000;2;9468724825;S
20240126;102505;6826.000000000;1;9468724826;S
20240126;102505;6825.500000000;2;9468724827;S
20240126;102505;6825.500000000;1;9468724828;S
20240126;102505;6825.500000000;5;9468724829;S
20240126;102507;6826.500000000;1;9468725063;B
20240126;102507;6826.500000000;9;9468725142;B
20240126;102507;6827.500000000;10;9468725143;B
20240126;102507;6828.000000000;81;9468725144;B
20240126;102508;6828.000000000;1;9468725278;B
20240126;102510;6826.500000000;5;9468725479;S
20240126;102512;6827.000000000;1;9468725858;B
20240126;102512;6827.000000000;8;9468725872;B
20240126;102513;6826.500000000;20;9468725958;S
20240126;102513;6826.500000000;5;9468725959;S
20240126;102513;6826.500000000;12;9468725960;S
20240126;102513;6827.000000000;16;9468726004;B
20240126;102513;6828.000000000;67;9468726005;B
20240126;102516;6828.000000000;1;9468726274;B
20240126;102517;6828.000000000;1;9468726571;B
20240126;102517;6828.000000000;2;9468726587;B
20240126;102517;6828.000000000;1;9468726605;B
20240126;102518;6828.000000000;6;9468726704;B
20240126;102520;6828.000000000;30;9468727084;B
20240126;102520;6827.000000000;1;9468727086;S
20240126;102522;6828.000000000;1;9468727504;B
20240126;102525;6828.000000000;2;9468728008;B
20240126;102526;6827.000000000;1;9468728071;S
20240126;102526;6828.000000000;1;9468728098;B
20240126;102527;6828.000000000;100;9468728281;B
20240126;102530;6828.000000000;100;9468728589;B
20240126;102532;6828.000000000;100;9468728904;B
20240126;102533;6828.000000000;3;9468728953;B
20240126;102534;6828.000000000;100;9468729080;B
20240126;102534;6828.000000000;1;9468729154;B
20240126;102534;6828.000000000;10;9468729179;B
20240126;102540;6828.000000000;1;9468729926;B
20240126;102543;6828.000000000;30;9468730425;B
20240126;102544;6828.000000000;10;9468730623;B
20240126;102547;6828.000000000;20;9468730956;B
20240126;102550;6828.000000000;22;9468731359;B
20240126;102552;6828.000000000;28;9468731556;B
20240126;102554;6828.000000000;1;9468731873;B
20240126;102555;6828.000000000;17;9468731946;B
20240126;102555;6828.000000000;3;9468731972;B
20240126;102558;6827.500000000;11;9468732439;S
20240126;102558;6828.000000000;20;9468732534;B
20240126;102558;6828.000000000;1;9468732535;B
20240126;102559;6828.000000000;10;9468732595;B
20240126;102601;6828.000000000;1;9468732791;B
20240126;102606;6827.500000000;29;9468733671;S
20240126;102606;6827.500000000;15;9468733672;S
20240126;102606;6827.500000000;1;9468733673;S
20240126;102606;6827.000000000;1;9468733674;S
20240126;102606;6827.000000000;1;9468733675;S
20240126;102606;6827.000000000;2;9468733676;S
20240126;102606;6826.500000000;13;9468733677;S
20240126;102606;6826.500000000;1;9468733678;S
20240126;102606;6826.000000000;2;9468733679;S
20240126;102606;6826.000000000;10;9468733680;S
20240126;102606;6826.000000000;1;9468733681;S
20240126;102606;6826.000000000;1;9468733682;S
20240126;102606;6826.000000000;2;9468733683;S
20240126;102606;6826.000000000;11;9468733684;S
20240126;102606;6825.500000000;2;9468733685;S
20240126;102606;6825.500000000;10;9468733686;S
20240126;102606;6825.500000000;4;9468733687;S
20240126;102606;6825.000000000;2;9468733688;S
20240126;102606;6825.000000000;2;9468733689;S
20240126;102606;6825.000000000;15;9468733690;S
20240126;102606;6825.000000000;3;9468733691;S
20240126;102606;6825.000000000;10;9468733692;S
20240126;102606;6825.000000000;3;9468733693;S
20240126;102606;6825.000000000;10;9468733694;S
20240126;102606;6825.000000000;40;9468733695;S
20240126;102606;6825.000000000;20;9468733696;S
20240126;102606;6825.000000000;29;9468733697;S
20240126;102606;6824.000000000;1;9468733698;S
20240126;102606;6824.000000000;7;9468733701;B
20240126;102606;6824.000000000;2;9468733702;B
20240126;102606;6828.000000000;3;9468733741;B
20240126;102606;6828.000000000;6;9468733742;B
20240126;102606;6828.000000000;10;9468733743;B
20240126;102606;6828.000000000;1;9468733744;B
20240126;102607;6825.000000000;2;9468733794;S
20240126;102607;6824.500000000;1;9468733795;S
20240126;102607;6824.500000000;10;9468733796;S
20240126;102607;6824.000000000;1;9468733797;S
20240126;102607;6823.500000000;1;9468733798;S
20240126;102607;6823.500000000;2;9468733799;S
20240126;102607;6823.500000000;2;9468733800;S
20240126;102607;6823.500000000;2;9468733801;S
20240126;102607;6823.500000000;1;9468733802;S
20240126;102607;6823.500000000;1;9468733803;S
20240126;102607;6823.500000000;1;9468733804;S
20240126;102607;6823.500000000;1;9468733805;S
20240126;102607;6823.500000000;3;9468733806;S
20240126;102607;6823.500000000;11;9468733807;S
20240126;102607;6823.500000000;29;9468733808;S
20240126;102607;6823.000000000;1;9468733809;S
20240126;102607;6823.000000000;1;9468733810;S
20240126;102607;6823.000000000;1;9468733811;S
20240126;102607;6823.000000000;10;9468733812;S
20240126;102607;6823.000000000;1;9468733813;S
20240126;102607;6823.000000000;1;9468733814;S
20240126;102610;6826.500000000;20;9468734104;B
20240126;102611;6826.500000000;1;9468734377;B
20240126;102612;6826.000000000;1;9468734594;S
20240126;102613;6826.500000000;60;9468734613;B
20240126;102613;6826.500000000;1;9468734691;B
20240126;102621;6826.000000000;1;9468735854;S
20240126;102621;6826.000000000;24;9468735855;S
20240126;102621;6823.000000000;6;9468735856;S
20240126;102621;6823.000000000;20;9468735857;S
20240126;102621;6823.000000000;21;9468735858;S
20240126;102624;6826.500000000;3;9468736223;B
20240126;102628;6826.500000000;5;9468736634;B
20240126;102630;6826.500000000;1;9468736923;B
20240126;102633;6826.500000000;3;9468737376;B
20240126;102634;6826.500000000;3;9468737472;B
20240126;102635;6826.500000000;3;9468737591;B
20240126;102636;6826.500000000;1;9468737703;B
20240126;102636;6826.500000000;1;9468737722;S
20240126;102636;6826.500000000;1;9468737731;S
20240126;102636;6824.000000000;1;9468737732;S
20240126;102642;6827.000000000;3;9468738700;B
20240126;102643;6826.500000000;1;9468738801;B
20240126;102643;6826.500000000;2;9468738916;B
20240126;102643;6826.500000000;1;9468738917;B
20240126;102643;6826.500000000;1;9468738918;B
20240126;102643;6827.000000000;2;9468738919;B
20240126;102645;6826.500000000;7;9468739291;S
20240126;102645;6826.000000000;1;9468739292;S
20240126;102645;6828.000000000;1;9468739349;B
20240126;102648;6826.000000000;1;9468739773;S
20240126;102652;6826.000000000;1;9468740409;S
20240126;102700;6826.000000000;1;9468741425;S
20240126;102705;6827.000000000;1;9468742043;B
20240126;102705;6828.000000000;1;9468742046;B
20240126;102707;6828.000000000;8;9468742297;B
20240126;102717;6827.000000000;1;9468743490;B
20240126;102717;6827.500000000;3;9468743491;B
20240126;102717;6827.500000000;1;9468743492;B
20240126;102724;6828.000000000;70;9468744343;B
20240126;102724;6828.000000000;2;9468744344;B
20240126;102724;6828.000000000;2;9468744345;B
20240126;102724;6828.000000000;26;9468744346;B
20240126;102725;6828.000000000;1;9468744538;B
20240126;102727;6828.000000000;4;9468744936;B
20240126;102728;6827.500000000;4;9468745088;B
20240126;102728;6828.000000000;3;9468745089;B
20240126;102728;6828.000000000;20;9468745090;B
20240126;102729;6827.000000000;1;9468745204;S
20240126;102733;6828.000000000;101;9468745866;B
20240126;102733;6828.000000000;8;9468745867;B
20240126;102733;6828.000000000;56;9468745868;B
20240126;102741;6828.000000000;9;9468747052;B
20240126;102741;6827.500000000;2;9468747111;S
20240126;102744;6827.500000000;1;9468747685;S
20240126;102752;6827.500000000;1;9468749148;S
20240126;102755;6828.000000000;55;9468749861;B
20240126;102755;6828.000000000;45;9468749862;B
20240126;102755;6828.000000000;110;9468749863;B
20240126;102755;6828.000000000;55;9468749864;B
20240126;102756;6827.500000000;2;9468749937;S
20240126;102757;6828.000000000;1;9468750045;B
20240126;102757;6828.000000000;22;9468750143;B
20240126;102757;6828.000000000;1;9468750171;B
20240126;102757;6828.000000000;1;9468750223;B
20240126;102759;6828.000000000;5;9468750459;B
20240126;102803;6828.000000000;1;9468751131;B
20240126;102805;6828.000000000;1;9468751512;B
20240126;102807;6828.000000000;1;9468751808;B
20240126;102809;6828.000000000;5;9468752144;B
20240126;102821;6827.500000000;1;9468754351;S
20240126;102821;6827.500000000;1;9468754352;S
20240126;102821;6827.500000000;1;9468754353;S
20240126;102821;6828.000000000;13;9468754366;B
20240126;102823;6828.000000000;1;9468754806;B
20240126;102823;6827.500000000;19;9468754864;S
20240126;102823;6827.500000000;3;9468754865;S
20240126;102823;6827.500000000;11;9468754866;S
20240126;102823;6827.000000000;2;9468754867;S
20240126;102824;6828.000000000;1;9468755125;B
20240126;102825;6828.000000000;47;9468755298;B
20240126;102825;6828.000000000;3;9468755299;B
20240126;102826;6828.000000000;7;9468755616;B
20240126;102826;6828.000000000;81;9468755617;B
20240126;102826;6828.000000000;5;9468755749;B
20240126;102828;6827.500000000;1;9468756088;S
20240126;102829;6827.500000000;6;9468756168;S
20240126;102829;6828.000000000;1;9468756198;B
20240126;102831;6828.000000000;2;9468756456;B
20240126;102834;6828.000000000;1;9468756961;B
20240126;102840;6828.000000000;3;9468758145;B
20240126;102851;6828.000000000;4;9468760218;B
20240126;102852;6828.000000000;20;9468760317;B
20240126;102852;6828.000000000;38;9468760318;B
20240126;102852;6828.000000000;2;9468760428;B
20240126;102853;6828.000000000;10;9468760626;B
20240126;102855;6828.000000000;5;9468760819;B
20240126;102858;6828.000000000;1;9468761482;B
20240126;102859;6828.000000000;1;9468761541;B
20240126;102900;6828.000000000;136;9468761912;B
20240126;102900;6828.000000000;20;9468761913;B
20240126;102900;6828.000000000;155;9468761916;B
20240126;102900;6828.000000000;155;9468761917;B
20240126;102900;6828.000000000;149;9468761918;B
20240126;102900;6828.000000000;6;9468761932;B
20240126;102900;6828.000000000;28;9468761940;B
20240126;102901;6828.000000000;30;9468762101;B
20240126;102901;6828.000000000;20;9468762299;B
20240126;102902;6828.000000000;28;9468762390;B
20240126;102904;6827.500000000;4;9468762730;S
20240126;102904;6827.500000000;9;9468762731;S
20240126;102905;6827.500000000;1;9468762857;S
20240126;102905;6827.500000000;1;9468762858;S
20240126;102905;6827.500000000;2;9468762859;S
20240126;102906;6828.000000000;1;9468763052;B
20240126;102906;6828.000000000;1;9468763130;B
20240126;102907;6828.000000000;6;9468763240;B
20240126;102908;6828.000000000;32;9468763285;B
20240126;102908;6828.000000000;100;9468763351;B
20240126;102911;6828.000000000;5;9468763747;B
20240126;102913;6828.000000000;20;9468764056;B
20240126;102913;6828.000000000;1;9468764112;B
20240126;102917;6827.500000000;1;9468764637;S
20240126;102919;6828.000000000;7;9468764854;B
20240126;102919;6827.500000000;1;9468764885;S
20240126;102919;6827.000000000;2;9468764886;S
20240126;102921;6828.000000000;31;9468765146;B
20240126;102921;6828.000000000;65;9468765147;B
20240126;102922;6828.000000000;1;9468765298;B
20240126;102923;6828.000000000;1;9468765370;B
20240126;102926;6828.000000000;115;9468765629;B
20240126;102929;6828.000000000;4;9468766162;B
20240126;102929;6828.000000000;5;9468766174;B
20240126;102929;6828.000000000;80;9468766280;B
20240126;102930;6828.000000000;5;9468766307;B
20240126;102934;6828.000000000;5;9468767113;B
20240126;102935;6828.000000000;1;9468767285;B
20240126;102937;6828.000000000;1;9468767551;B
20240126;102937;6828.000000000;17;9468767607;B
20240126;102937;6828.000000000;20;9468767608;B
20240126;102942;6828.000000000;31;9468768353;B
20240126;102946;6827.500000000;1;9468768866;S
20240126;102946;6827.000000000;6;9468768867;S
20240126;102946;6827.000000000;1;9468768868;S
20240126;102946;6827.000000000;5;9468768869;S
20240126;102946;6827.000000000;57;9468768870;S
20240126;102947;6828.000000000;2;9468769013;B
20240126;102947;6828.000000000;7;9468769042;B
20240126;102947;6828.000000000;1;9468769103;B
20240126;102949;6828.000000000;2;9468769354;B
20240126;102950;6828.000000000;2;9468769385;B
20240126;102951;6828.000000000;7;9468769550;B
20240126;102953;6828.000000000;2;9468769846;B
20240126;102953;6828.000000000;2;9468769887;B
20240126;102955;6828.000000000;10;9468770161;B
20240126;102956;6828.000000000;1;9468770281;B
20240126;102956;6827.500000000;1;9468770356;S
20240126;102957;6827.500000000;2;9468770562;S
20240126;102957;6827.500000000;1;9468770563;S
20240126;102957;6828.000000000;20;9468770872;B
20240126;102958;6828.000000000;2;9468771032;B
20240126;102959;6827.500000000;4;9468771120;S
20240126;102959;6827.000000000;6;9468771121;S
20240126;103005;6828.000000000;5;9468772359;B
20240126;103007;6828.000000000;1;9468772728;B
20240126;103007;6828.000000000;1;9468772788;B
20240126;103009;6827.500000000;1;9468773129;S
20240126;103009;6827.500000000;3;9468773130;S
20240126;103013;6828.000000000;39;9468773654;B
20240126;103013;6828.000000000;11;9468773655;B
20240126;103013;6828.000000000;9;9468773718;B
20240126;103014;6828.000000000;110;9468773815;B
20240126;103014;6828.000000000;25;9468773816;B
20240126;103014;6828.000000000;25;9468773817;B
20240126;103014;6828.000000000;25;9468773818;B
20240126;103014;6828.000000000;25;9468773819;B
20240126;103014;6828.000000000;47;9468773820;B
20240126;103014;6827.500000000;1;9468773890;S
20240126;103014;6828.000000000;1;9468773893;B
20240126;103015;6827.500000000;1;9468773999;S
20240126;103016;6827.500000000;2;9468774106;S
20240126;103016;6827.500000000;3;9468774224;S
20240126;103017;6828.000000000;32;9468774318;B
20240126;103017;6828.000000000;12;9468774319;B
20240126;103017;6828.000000000;14;9468774368;B
20240126;103018;6828.000000000;19;9468774535;B
20240126;103019;6828.000000000;7;9468774637;B
20240126;103020;6828.000000000;2;9468774812;B
20240126;103021;6828.000000000;76;9468774979;B
20240126;103022;6828.000000000;12;9468775037;B
20240126;103026;6828.000000000;1;9468775650;B
20240126;103027;6828.000000000;13;9468775791;B
20240126;103027;6828.000000000;10;9468775792;B
20240126;103027;6827.500000000;19;9468775912;S
20240126;103029;6827.500000000;3;9468776066;S
20240126;103031;6828.000000000;125;9468776287;B
20240126;103031;6828.000000000;29;9468776288;B
20240126;103031;6828.000000000;29;9468776289;B
20240126;103031;6828.000000000;12;9468776290;B
20240126;103033;6828.000000000;8;9468777083;B
20240126;103036;6828.000000000;1;9468777510;B
20240126;103038;6828.000000000;92;9468777967;B
20240126;103039;6827.500000000;18;9468778270;S
20240126;103039;6827.500000000;4;9468778271;S
20240126;103039;6827.500000000;78;9468778272;S
20240126;103042;6828.000000000;21;9468778679;B
20240126;103042;6828.000000000;1;9468778680;B
20240126;103045;6828.000000000;14;9468779208;B
20240126;103045;6828.000000000;1;9468779299;B
20240126;103048;6828.000000000;12;9468779645;B
20240126;103051;6828.000000000;3;9468780002;B
20240126;103052;6828.000000000;2;9468780308;B
20240126;103055;6828.000000000;10;9468781069;B
20240126;103055;6828.000000000;5;9468781091;B
20240126;103058;6828.000000000;5;9468781589;B
20240126;103059;6828.000000000;2;9468781857;B
20240126;103101;6828.000000000;1;9468782113;B
20240126;103104;6828.000000000;1;9468782488;B
20240126;103107;6827.500000000;2;9468782891;S
20240126;103109;6828.000000000;2;9468783373;B
20240126;103113;6828.000000000;20;9468783866;B
20240126;103113;6828.000000000;3;9468783921;B
20240126;103115;6828.000000000;30;9468784132;B
20240126;103117;6828.000000000;20;9468784432;B
20240126;103118;6827.500000000;1;9468784571;S
20240126;103119;6828.000000000;90;9468784706;B
20240126;103119;6828.000000000;15;9468784707;B
20240126;103125;6828.000000000;14;9468785574;B
20240126;103125;6828.000000000;1;9468785595;B
20240126;103126;6828.000000000;1;9468785711;B
20240126;103128;6827.500000000;1;9468786002;S
20240126;103128;6828.000000000;1;9468786015;B
20240126;103129;6828.000000000;4;9468786142;B
20240126;103129;6828.000000000;4;9468786153;B
20240126;103129;6828.000000000;78;9468786175;B
20240126;103129;6828.000000000;4;9468786181;B
20240126;103130;6828.000000000;1;9468786341;B
20240126;103130;6827.500000000;1;9468786360;S
20240126;103131;6828.000000000;1;9468786383;B
20240126;103131;6828.000000000;3;9468786389;B
20240126;103132;6828.000000000;4;9468786489;B
20240126;103132;6828.000000000;4;9468786490;B
20240126;103132;6828.000000000;4;9468786491;B
20240126;103134;6827.500000000;10;9468786749;S
20240126;103137;6828.000000000;1;9468787237;B
20240126;103138;6828.000000000;2;9468787520;B
20240126;103139;6828.000000000;5;9468787675;B
20240126;103140;6828.000000000;1;9468787742;B
20240126;103140;6828.000000000;6;9468787763;B
20240126;103143;6828.000000000;20;9468788223;B
20240126;103148;6828.000000000;13;9468789038;B
20240126;103148;6828.000000000;200;9468789084;B
20240126;103148;6828.000000000;7;9468789085;B
20240126;103149;6828.000000000;15;9468789140;B
20240126;103149;6828.000000000;10;9468789224;B
20240126;103153;6828.000000000;15;9468789698;B
20240126;103154;6828.000000000;10;9468789894;B
20240126;103155;6828.000000000;16;9468789980;B
20240126;103156;6827.500000000;5;9468790263;S
20240126;103158;6828.000000000;9;9468790622;B
20240126;103201;6828.000000000;28;9468790978;B
20240126;103201;6828.000000000;6;9468790983;B
20240126;103201;6828.000000000;18;9468791038;B
20240126;103201;6828.000000000;2;9468791108;B
20240126;103201;6828.000000000;29;9468791143;B
20240126;103202;6828.000000000;1;9468791257;B
20240126;103202;6828.000000000;3;9468791308;B
20240126;103203;6827.500000000;2;9468791441;S
20240126;103203;6827.500000000;3;9468791442;S
20240126;103203;6828.000000000;3;9468791443;B
20240126;103210;6828.000000000;4;9468792532;B
20240126;103211;6828.000000000;7;9468792621;B
20240126;103215;6828.000000000;1;9468793348;B
20240126;103219;6828.000000000;1;9468793819;B
20240126;103220;6827.500000000;2;9468794085;S
20240126;103220;6827.500000000;2;9468794086;S
20240126;103226;6827.500000000;1;9468795234;S
20240126;103227;6828.000000000;4;9468795331;B
20240126;103227;6828.000000000;5;9468795408;B
20240126;103228;6828.000000000;10;9468795595;B
20240126;103229;6828.000000000;10;9468795779;B
20240126;103230;6828.000000000;1;9468795975;B
20240126;103233;6828.000000000;40;9468796331;B
20240126;103235;6828.000000000;3;9468796580;B
20240126;103238;6828.000000000;1;9468797013;B
20240126;103240;6828.000000000;1;9468797517;B
20240126;103241;6827.500000000;1;9468797660;S
20240126;103248;6827.500000000;1;9468798605;S
20240126;103248;6827.500000000;4;9468798606;S
20240126;103254;6828.000000000;1;9468799477;B
20240126;103258;6828.000000000;1;9468799828;B
20240126;103258;6827.500000000;3;9468799895;S
20240126;103300;6828.000000000;2;9468800205;B
20240126;103301;6828.000000000;64;9468800404;B
20240126;103301;6828.000000000;8;9468800405;B
20240126;103304;6828.000000000;75;9468800799;B
20240126;103312;6828.000000000;3;9468802101;B
20240126;103312;6828.000000000;2;9468802148;B
20240126;103312;6827.500000000;16;9468802188;S
20240126;103313;6828.000000000;2;9468802497;B
20240126;103315;6827.500000000;6;9468802707;S
20240126;103315;6827.500000000;1;9468802708;S
20240126;103315;6827.500000000;1;9468802709;S
20240126;103315;6827.500000000;2;9468802710;S
20240126;103315;6827.500000000;1;9468802711;S
20240126;103315;6827.500000000;1;9468802712;S
20240126;103315;6827.500000000;1;9468802713;S
20240126;103315;6827.500000000;3;9468802714;S
20240126;103316;6827.500000000;2;9468802798;S
20240126;103316;6827.500000000;10;9468802799;S
20240126;103316;6827.500000000;5;9468802800;S
20240126;103316;6827.500000000;19;9468802801;S
20240126;103316;6827.000000000;114;9468802802;S
20240126;103316;6827.500000000;6;9468802873;B
20240126;103317;6827.500000000;1;9468803108;B
20240126;103320;6827.500000000;9;9468803523;B
20240126;103321;6827.000000000;4;9468803674;S
20240126;103323;6827.500000000;1;9468803870;B
20240126;103335;6827.500000000;1;9468805446;B
20240126;103339;6827.500000000;1;9468805988;B
20240126;103353;6827.000000000;3;9468807679;S
20240126;103353;6827.500000000;1;9468807718;B
20240126;103353;6827.500000000;2;9468807719;B
20240126;103353;6827.500000000;2;9468807720;B
20240126;103358;6827.500000000;1;9468808410;B
20240126;103400;6827.000000000;1;9468808616;S
20240126;103400;6827.000000000;1;9468808617;S
20240126;103400;6827.000000000;1;9468808618;S
20240126;103400;6827.000000000;1;9468808619;S
20240126;103400;6827.000000000;1;9468808620;S
20240126;103400;6827.000000000;5;9468808621;S
20240126;103403;6827.000000000;4;9468809128;S
20240126;103408;6827.500000000;1;9468810126;B
20240126;103408;6827.500000000;2;9468810127;B
20240126;103408;6827.500000000;2;9468810128;B
20240126;103408;6827.500000000;2;9468810129;B
20240126;103408;6827.500000000;2;9468810130;B
20240126;103408;6827.500000000;2;9468810131;B
20240126;103408;6827.500000000;4;9468810132;B
20240126;103424;6827.000000000;10;9468812759;S
20240126;103427;6827.500000000;1;9468813091;B
20240126;103432;6827.500000000;3;9468813709;B
20240126;103432;6827.500000000;2;9468813710;B
20240126;103432;6827.500000000;1;9468813711;B
20240126;103432;6827.500000000;1;9468813765;B
20240126;103432;6827.500000000;1;9468813766;B
20240126;103432;6828.000000000;5;9468813767;B
20240126;103432;6828.000000000;13;9468813768;B
20240126;103436;6827.000000000;19;9468814326;S
20240126;103436;6828.000000000;100;9468814397;B
20240126;103439;6828.000000000;35;9468814745;B
20240126;103448;6828.000000000;10;9468816011;B
20240126;103449;6827.500000000;5;9468816042;B
20240126;103450;6828.000000000;8;9468816206;B
20240126;103456;6827.000000000;1;9468816953;S
20240126;103501;6828.000000000;1;9468817703;B
20240126;103506;6827.000000000;2;9468818538;S
20240126;103506;6827.500000000;22;9468818614;B
20240126;103506;6828.000000000;38;9468818615;B
20240126;103510;6827.500000000;1;9468819088;S
20240126;103510;6827.000000000;5;9468819089;S
20240126;103510;6828.000000000;4;9468819091;B
20240126;103511;6828.000000000;1;9468819201;B
20240126;103517;6828.000000000;1;9468820027;B
20240126;103519;6828.000000000;2;9468820273;B
20240126;103520;6828.000000000;15;9468820516;B
20240126;103524;6828.000000000;50;9468821197;B
20240126;103528;6828.000000000;32;9468821784;B
20240126;103528;6827.500000000;7;9468821828;S
20240126;103529;6828.000000000;10;9468821986;B
20240126;103529;6827.500000000;1;9468822021;S
20240126;103529;6827.500000000;5;9468822022;S
20240126;103545;6828.000000000;1;9468824317;B
20240126;103546;6828.000000000;1;9468824460;B
20240126;103547;6827.500000000;1;9468824656;S
20240126;103550;6828.000000000;11;9468825011;B
20240126;103556;6828.000000000;50;9468826033;B
20240126;103558;6828.000000000;10;9468826210;B
20240126;103600;6828.000000000;2;9468826570;B
20240126;103601;6827.500000000;1;9468826684;S
20240126;103603;6828.000000000;1;9468826947;B
20240126;103605;6828.000000000;3;9468827258;B
20240126;103607;6827.500000000;14;9468827606;S
20240126;103608;6828.000000000;2;9468827695;B
20240126;103611;6827.500000000;10;9468828182;S
20240126;103612;6828.000000000;10;9468828385;B
20240126;103613;6828.000000000;10;9468828796;B
20240126;103613;6828.000000000;2;9468828829;B
20240126;103614;6828.000000000;7;9468828914;B
20240126;103620;6827.500000000;1;9468830032;S
20240126;103628;6827.500000000;15;9468830909;S
20240126;103634;6828.000000000;35;9468831878;B
20240126;103634;6828.000000000;5;9468831879;B
20240126;103634;6828.000000000;1;9468831880;B
20240126;103634;6828.000000000;1;9468831881;B
20240126;103634;6828.000000000;48;9468831882;B
20240126;103642;6827.500000000;2;9468833114;S
20240126;103645;6827.500000000;10;9468833526;S
20240126;103648;6828.000000000;2;9468833922;B
20240126;103648;6828.000000000;10;9468834051;B
20240126;103651;6828.000000000;2;9468834495;B
20240126;103700;6828.000000000;2;9468835806;B
20240126;103703;6828.000000000;2;9468836484;B
20240126;103705;6828.000000000;2;9468836724;B
20240126;103706;6828.000000000;16;9468836885;B
20240126;103706;6828.000000000;2;9468836923;B
20240126;103707;6828.000000000;9;9468836927;B
20240126;103709;6828.000000000;2;9468837454;B
20240126;103714;6827.500000000;30;9468838321;S
20240126;103715;6828.000000000;2;9468838434;B
20240126;103718;6828.000000000;1;9468838860;B
20240126;103721;6828.000000000;6;9468839310;B
20240126;103727;6828.000000000;1;9468840152;B
20240126;103735;6828.000000000;1;9468841477;B
20240126;103735;6828.000000000;10;9468841481;B
20240126;103742;6828.000000000;1;9468842154;B
20240126;103744;6827.500000000;1;9468842496;S
20240126;103744;6828.000000000;15;9468842522;B
20240126;103748;6827.500000000;1;9468843222;S
20240126;103748;6828.000000000;1;9468843223;B
20240126;103748;6828.000000000;4;9468843252;B
20240126;103749;6828.000000000;1;9468843291;B
20240126;103753;6828.000000000;5;9468843848;B
20240126;103753;6828.000000000;1;9468843894;B
20240126;103756;6827.500000000;1;9468844329;S
20240126;103757;6828.000000000;1;9468844386;B
20240126;103807;6828.000000000;1;9468845861;B
20240126;103822;6828.000000000;2;9468847679;B
20240126;103824;6827.500000000;16;9468848024;S
20240126;103827;6828.000000000;1;9468848372;B
20240126;103830;6827.500000000;23;9468848618;S
20240126;103830;6827.500000000;3;9468848619;S
20240126;103830;6827.500000000;1;9468848620;S
20240126;103830;6827.500000000;5;9468848621;S
20240126;103830;6827.500000000;68;9468848622;S
20240126;103833;6827.500000000;1;9468848957;S
20240126;103833;6828.000000000;1;9468849003;B
20240126;103836;6827.500000000;10;9468849320;S
20240126;103838;6827.500000000;2;9468849553;S
20240126;103838;6827.500000000;2;9468849563;S
20240126;103841;6828.000000000;1;9468849858;B
20240126;103844;6827.500000000;5;9468850298;S
20240126;103845;6828.000000000;18;9468850348;B
20240126;103845;6828.000000000;82;9468850349;B
20240126;103848;6828.000000000;1;9468850695;B
20240126;103857;6827.500000000;2;9468851839;S
20240126;103902;6828.000000000;10;9468852416;B
20240126;103903;6828.000000000;1;9468852519;B
20240126;103905;6828.000000000;1;9468852832;B
20240126;103906;6828.000000000;3;9468852980;B
20240126;103917;6827.500000000;1;9468854315;S
20240126;103920;6828.000000000;1;9468854643;B
20240126;103920;6828.000000000;5;9468854666;B
20240126;103921;6827.500000000;1;9468854757;S
20240126;103921;6828.000000000;9;9468854758;B
20240126;103930;6827.500000000;18;9468855957;S
20240126;103934;6828.000000000;10;9468856409;B
20240126;103945;6828.000000000;1;9468857635;B
20240126;103948;6828.000000000;10;9468857966;B
20240126;103951;6827.500000000;18;9468858258;S
20240126;103951;6827.500000000;10;9468858259;S
20240126;103951;6827.500000000;10;9468858260;S
20240126;103951;6827.500000000;10;9468858261;S
20240126;103951;6827.500000000;8;9468858262;S
20240126;103951;6827.500000000;1;9468858268;S
20240126;103952;6827.500000000;5;9468858274;S
20240126;103952;6827.500000000;74;9468858289;S
20240126;103956;6828.000000000;1;9468858759;B
20240126;103957;6828.000000000;5;9468858793;B
20240126;104002;6828.000000000;5;9468859220;B
20240126;104004;6828.000000000;1;9468859428;B
20240126;104005;6828.000000000;1;9468859568;B
20240126;104011;6828.000000000;1;9468860223;B
20240126;104019;6828.000000000;1;9468860923;B
20240126;104021;6828.000000000;6;9468861211;B
20240126;104021;6828.000000000;4;9468861212;B
20240126;104021;6828.000000000;1;9468861218;B
20240126;104030;6828.000000000;3;9468862325;B
20240126;104030;6828.000000000;5;9468862326;B
20240126;104030;6828.000000000;1;9468862365;B
20240126;104032;6828.000000000;1;9468862558;B
20240126;104033;6828.000000000;10;9468862717;B
20240126;104033;6827.500000000;5;9468862732;S
20240126;104034;6828.000000000;1;9468862779;B
20240126;104035;6828.000000000;2;9468862899;B
20240126;104035;6828.000000000;1;9468862918;B
20240126;104038;6828.000000000;1;9468863149;B
20240126;104039;6828.000000000;3;9468863256;B
20240126;104039;6828.000000000;1;9468863257;B
20240126;104039;6828.000000000;4;9468863276;B
20240126;104039;6828.000000000;4;9468863296;B
20240126;104039;6828.000000000;1;9468863306;B
20240126;104052;6828.000000000;15;9468864859;B
20240126;104055;6828.000000000;1;9468865256;B
20240126;104055;6828.000000000;20;9468865286;B
20240126;104058;6828.000000000;1;9468865711;B
20240126;104103;6828.000000000;4;9468866322;B
20240126;104103;6828.000000000;16;9468866323;B
20240126;104110;6828.000000000;2;9468867344;B
20240126;104110;6828.000000000;5;9468867396;B
20240126;104113;6828.000000000;4;9468867769;B
20240126;104113;6828.000000000;3;9468867780;B
20240126;104113;6828.000000000;2;9468867781;B
20240126;104113;6828.000000000;7;9468867782;B
20240126;104115;6829.000000000;10;9468868017;B
20240126;104115;6829.000000000;19;9468868023;B
20240126;104115;6829.000000000;10;9468868024;B
20240126;104115;6829.500000000;3;9468868025;B
20240126;104115;6829.500000000;20;9468868026;B
20240126;104115;6829.500000000;10;9468868027;B
20240126;104115;6830.000000000;2;9468868028;B
20240126;104115;6830.000000000;6;9468868029;B
20240126;104115;6830.000000000;2;9468868030;B
20240126;104115;6830.000000000;8;9468868031;B
20240126;104115;6830.000000000;10;9468868032;B
20240126;104115;6830.500000000;17;9468868033;B
20240126;104115;6830.500000000;13;9468868034;B
20240126;104115;6830.000000000;6;9468868035;B
20240126;104115;6830.000000000;1;9468868039;B
20240126;104115;6830.000000000;3;9468868040;B
20240126;104115;6830.000000000;3;9468868041;B
20240126;104126;6829.500000000;1;9468869579;B
20240126;104126;6829.500000000;3;9468869590;B
20240126;104132;6829.500000000;2;9468870441;B
20240126;104136;6829.500000000;4;9468871018;B
20240126;104136;6829.500000000;5;9468871019;B
20240126;104141;6830.000000000;10;9468871541;B
20240126;104142;6830.000000000;1;9468871583;B
20240126;104145;6829.500000000;1;9468872011;S
20240126;104146;6830.000000000;1;9468872196;B
20240126;104146;6830.500000000;2;9468872197;B
20240126;104146;6831.500000000;1;9468872198;B
20240126;104151;6830.000000000;5;9468872799;S
20240126;104154;6830.000000000;2;9468873371;B
20240126;104156;6830.000000000;1;9468873702;B
20240126;104200;6830.000000000;15;9468874434;B
20240126;104203;6830.000000000;7;9468874827;B
20240126;104203;6830.000000000;13;9468874828;B
20240126;104206;6829.500000000;1;9468875174;S
20240126;104206;6829.500000000;5;9468875175;S
20240126;104206;6829.500000000;109;9468875176;S
20240126;104206;6829.500000000;10;9468875177;S
20240126;104206;6829.500000000;5;9468875178;S
20240126;104206;6829.500000000;6;9468875179;S
20240126;104206;6829.000000000;154;9468875180;S
20240126;104207;6830.000000000;1;9468875254;B
20240126;104212;6830.000000000;1;9468876082;B
20240126;104215;6829.500000000;1;9468876608;B
20240126;104225;6829.500000000;1;9468878029;B
20240126;104226;6829.500000000;10;9468878041;B
20240126;104227;6829.500000000;2;9468878407;B
20240126;104232;6829.500000000;1;9468879201;B
20240126;104244;6829.500000000;1;9468880853;B
20240126;104246;6829.000000000;4;9468881267;S
20240126;104246;6829.500000000;2;9468881288;B
20240126;104247;6829.500000000;2;9468881339;B
20240126;104247;6829.500000000;10;9468881340;B
20240126;104247;6829.500000000;8;9468881341;B
20240126;104247;6829.500000000;5;9468881342;B
20240126;104247;6829.500000000;5;9468881343;B
20240126;104255;6829.500000000;2;9468882339;B
20240126;104256;6829.500000000;1;9468882397;B
20240126;104257;6829.000000000;1;9468882592;S
20240126;104259;6829.000000000;65;9468882979;S
20240126;104259;6829.000000000;2;9468882980;S
20240126;104259;6828.500000000;1;9468882981;S
20240126;104259;6828.500000000;40;9468882982;S
20240126;104259;6828.000000000;40;9468882983;S
20240126;104259;6828.000000000;1;9468882984;S
20240126;104259;6828.000000000;1;9468882985;S
20240126;104259;6828.000000000;2;9468882986;S
20240126;104259;6827.500000000;49;9468882987;S
20240126;104259;6827.500000000;1;9468882988;S
20240126;104259;6827.500000000;1;9468882989;S
20240126;104259;6827.500000000;20;9468882990;S
20240126;104259;6827.500000000;1;9468882991;S
20240126;104259;6827.500000000;1;9468882992;S
20240126;104259;6827.500000000;1;9468882993;S
20240126;104259;6827.500000000;20;9468882994;S
20240126;104259;6827.500000000;9;9468882995;S
20240126;104259;6827.000000000;54;9468882996;S
20240126;104259;6827.000000000;3;9468882997;S
20240126;104259;6827.000000000;1;9468882998;S
20240126;104259;6827.000000000;1;9468882999;S
20240126;104259;6827.000000000;1;9468883000;S
20240126;104259;6827.000000000;1;9468883001;S
20240126;104259;6827.000000000;4;9468883002;S
20240126;104259;6827.000000000;5;9468883029;S
20240126;104259;6827.000000000;1;9468883030;S
20240126;104259;6827.000000000;2;9468883031;S
20240126;104259;6827.000000000;1;9468883032;S
20240126;104259;6827.000000000;1;9468883033;S
20240126;104259;6827.000000000;51;9468883034;S
20240126;104259;6827.000000000;2;9468883035;S
20240126;104259;6827.000000000;1;9468883036;S
20240126;104259;6827.000000000;1;9468883037;S
20240126;104259;6827.000000000;5;9468883038;S
20240126;104259;6827.000000000;1;9468883039;S
20240126;104259;6827.000000000;8;9468883040;S
20240126;104259;6827.000000000;5;9468883041;S
20240126;104259;6827.000000000;1;9468883042;S
20240126;104259;6826.500000000;1;9468883043;S
20240126;104259;6826.500000000;14;9468883044;S
20240126;104300;6827.000000000;1;9468883216;S
20240126;104300;6826.500000000;4;9468883217;S
20240126;104300;6826.500000000;20;9468883218;S
20240126;104300;6826.000000000;2;9468883219;S
20240126;104300;6826.000000000;1;9468883220;S
20240126;104300;6826.000000000;1;9468883221;S
20240126;104300;6826.000000000;1;9468883222;S
20240126;104300;6826.000000000;1;9468883223;S
20240126;104300;6826.000000000;45;9468883224;S
20240126;104300;6826.000000000;1;9468883225;S
20240126;104300;6826.000000000;3;9468883226;S
20240126;104301;6826.500000000;5;9468883339;B
20240126;104302;6827.000000000;10;9468883494;B
20240126;104312;6826.500000000;1;9468885004;B
20240126;104320;6827.500000000;10;9468886202;B
20240126;104322;6827.000000000;1;9468886534;S
20240126;104322;6826.500000000;7;9468886535;S
20240126;104328;6826.500000000;2;9468887403;S
20240126;104338;6826.500000000;1;9468888503;S
20240126;104344;6827.000000000;3;9468889106;B
20240126;104345;6827.000000000;1;9468889320;B
20240126;104347;6827.000000000;1;9468889580;B
20240126;104348;6826.500000000;1;9468889713;S
20240126;104348;6826.500000000;1;9468889714;S
20240126;104349;6826.500000000;3;9468889907;S
20240126;104350;6827.000000000;5;9468889981;B
20240126;104351;6827.000000000;2;9468890297;B
20240126;104353;6826.500000000;36;9468890567;S
20240126;104353;6826.500000000;4;9468890568;S
20240126;104353;6826.500000000;11;9468890569;S
20240126;104353;6826.000000000;22;9468890570;S
20240126;104353;6826.000000000;1;9468890571;S
20240126;104353;6826.000000000;10;9468890572;S
20240126;104353;6826.000000000;1;9468890573;S
20240126;104353;6825.500000000;40;9468890574;S
20240126;104353;6825.500000000;4;9468890575;S
20240126;104353;6825.000000000;1;9468890576;S
20240126;104353;6825.000000000;1;9468890577;S
20240126;104353;6825.000000000;15;9468890578;S
20240126;104353;6825.000000000;1;9468890579;S
20240126;104353;6825.000000000;1;9468890580;S
20240126;104353;6825.000000000;10;9468890581;S
20240126;104353;6825.000000000;1;9468890582;S
20240126;104353;6825.000000000;41;9468890583;S
20240126;104354;6825.000000000;3;9468890797;S
20240126;104355;6825.500000000;4;9468890971;B
20240126;104358;6825.500000000;1;9468891475;B
20240126;104400;6825.000000000;6;9468891868;S
20240126;104400;6825.000000000;3;9468891869;S
20240126;104400;6825.000000000;1;9468891870;S
20240126;104400;6825.000000000;1;9468891871;S
20240126;104400;6825.000000000;1;9468891872;S
20240126;104400;6825.000000000;1;9468891873;S
20240126;104406;6825.000000000;1;9468892819;S
20240126;104406;6824.500000000;1;9468892820;S
20240126;104406;6824.500000000;1;9468892821;S
20240126;104406;6824.500000000;1;9468892822;S
20240126;104406;6824.500000000;36;9468892823;S
20240126;104408;6825.000000000;1;9468893074;B
20240126;104408;6825.500000000;1;9468893075;B
20240126;104411;6825.000000000;1;9468893655;B
20240126;104416;6824.500000000;1;9468894531;S
20240126;104418;6824.500000000;3;9468894885;S
20240126;104418;6824.000000000;15;9468894886;S
20240126;104418;6824.000000000;1;9468894887;S
20240126;104418;6824.000000000;1;9468894888;S
20240126;104418;6824.000000000;8;9468894889;S
20240126;104418;6824.000000000;1;9468894890;S
20240126;104420;6824.000000000;1;9468895177;S
20240126;104423;6824.000000000;3;9468895546;S
20240126;104423;6824.000000000;1;9468895547;S
20240126;104423;6824.000000000;11;9468895548;S
20240126;104425;6823.500000000;1;9468895721;S
20240126;104426;6823.500000000;1;9468895911;S
20240126;104428;6823.500000000;2;9468896094;S
20240126;104430;6823.500000000;13;9468896278;S
20240126;104433;6823.500000000;2;9468896667;S
20240126;104437;6823.500000000;10;9468897003;S
20240126;104445;6823.500000000;31;9468898245;S
20240126;104445;6823.500000000;5;9468898246;S
20240126;104445;6823.500000000;1;9468898247;S
20240126;104445;6823.500000000;1;9468898248;S
20240126;104445;6823.500000000;1;9468898249;S
20240126;104445;6823.500000000;1;9468898250;S
20240126;104445;6823.000000000;5;9468898251;S
20240126;104445;6823.000000000;1;9468898252;S
20240126;104445;6823.000000000;2;9468898253;S
20240126;104445;6823.000000000;1;9468898254;S
20240126;104445;6823.000000000;1;9468898255;S
20240126;104445;6823.000000000;1;9468898256;S
20240126;104445;6823.000000000;40;9468898257;S
20240126;104445;6823.000000000;1;9468898258;S
20240126;104445;6823.000000000;5;9468898259;S
20240126;104445;6822.500000000;3;9468898260;S
20240126;104445;6822.500000000;3;9468898350;S
20240126;104445;6822.500000000;1;9468898351;S
20240126;104445;6822.500000000;5;9468898352;S
20240126;104445;6822.500000000;1;9468898353;S
20240126;104445;6822.500000000;3;9468898354;S
20240126;104445;6822.500000000;69;9468898355;S
20240126;104446;6822.500000000;1;9468898462;S
20240126;104446;6822.000000000;1;9468898463;S
20240126;104446;6822.000000000;1;9468898464;S
20240126;104447;6823.000000000;1;9468898578;B
20240126;104447;6823.000000000;3;9468898590;B
20240126;104447;6822.000000000;1;9468898591;S
20240126;104449;6822.000000000;1;9468899352;S
20240126;104450;6822.500000000;1;9468899571;B
20240126;104450;6822.500000000;1;9468899572;B
20240126;104450;6822.500000000;8;9468899573;B
20240126;104456;6822.500000000;1;9468900624;B
20240126;104457;6822.000000000;4;9468900762;S
20240126;104457;6822.000000000;1;9468900763;S
20240126;104457;6822.000000000;1;9468900764;S
20240126;104458;6822.500000000;3;9468900915;B
20240126;104459;6822.500000000;2;9468901093;B
20240126;104501;6822.000000000;1;9468901322;S
20240126;104501;6822.000000000;1;9468901323;S
20240126;104501;6822.000000000;5;9468901324;S
20240126;104501;6822.000000000;4;9468901325;S
20240126;104501;6822.000000000;5;9468901326;S
20240126;104501;6822.000000000;5;9468901327;S
20240126;104501;6822.000000000;1;9468901328;S
20240126;104501;6822.000000000;6;9468901329;S
20240126;104501;6822.000000000;5;9468901330;S
20240126;104501;6821.500000000;6;9468901331;S
20240126;104501;6821.500000000;5;9468901332;S
20240126;104501;6821.500000000;3;9468901333;S
20240126;104501;6821.500000000;1;9468901334;S
20240126;104501;6821.500000000;1;9468901335;S
20240126;104501;6821.500000000;5;9468901336;S
20240126;104501;6821.500000000;20;9468901337;S
20240126;104501;6821.500000000;16;9468901338;S
20240126;104501;6821.500000000;1;9468901370;S
20240126;104501;6821.500000000;7;9468901446;S
20240126;104503;6821.500000000;5;9468901759;S
20240126;104503;6822.000000000;2;9468901835;B
20240126;104511;6822.000000000;5;9468902975;S
20240126;104511;6822.000000000;10;9468902976;S
20240126;104511;6822.000000000;1;9468902977;S
20240126;104511;6822.000000000;2;9468902978;S
20240126;104511;6821.500000000;11;9468902979;S
20240126;104511;6821.500000000;2;9468902980;S
20240126;104511;6821.500000000;10;9468902981;S
20240126;104511;6821.500000000;11;9468902982;S
20240126;104511;6821.500000000;5;9468902983;S
20240126;104511;6821.500000000;1;9468902984;S
20240126;104511;6821.000000000;1;9468902985;S
20240126;104511;6821.000000000;1;9468902986;S
20240126;104511;6821.000000000;6;9468902987;S
20240126;104511;6821.000000000;1;9468902988;S
20240126;104511;6821.000000000;5;9468902989;S
20240126;104511;6821.000000000;1;9468902990;S
20240126;104511;6821.000000000;27;9468902991;S
20240126;104511;6822.000000000;7;9468903010;S
20240126;104513;6822.500000000;28;9468903291;B
20240126;104513;6822.500000000;19;9468903292;B
20240126;104513;6823.000000000;4;9468903293;B
20240126;104513;6823.500000000;6;9468903294;B
20240126;104513;6823.500000000;6;9468903295;B
20240126;104513;6823.500000000;20;9468903296;B
20240126;104522;6822.000000000;1;9468904511;S
20240126;104530;6824.000000000;10;9468905594;B
20240126;104534;6824.000000000;1;9468906169;B
20240126;104536;6824.000000000;1;9468906417;B
20240126;104537;6824.000000000;2;9468906514;B
20240126;104547;6824.000000000;1;9468907846;B
20240126;104548;6824.000000000;1;9468908079;B
20240126;104548;6824.000000000;1;9468908109;B
20240126;104549;6824.000000000;1;9468908173;B
20240126;104550;6823.000000000;3;9468908454;S
20240126;104550;6823.000000000;10;9468908455;S
20240126;104550;6822.500000000;7;9468908456;S
20240126;104551;6824.000000000;1;9468908534;B
20240126;104556;6824.000000000;30;9468909214;B
20240126;104559;6824.000000000;100;9468909519;B
20240126;104602;6824.000000000;1;9468909942;B
20240126;104603;6824.000000000;29;9468910024;B
20240126;104604;6823.000000000;1;9468910260;S
20240126;104606;6824.000000000;5;9468910491;B
20240126;104609;6824.000000000;10;9468911054;B
20240126;104613;6824.000000000;100;9468911616;B
20240126;104614;6824.000000000;1;9468911858;B
20240126;104615;6824.000000000;1;9468911978;B
20240126;104616;6824.000000000;1;9468912113;B
20240126;104617;6824.000000000;1;9468912233;B
20240126;104617;6824.000000000;1;9468912246;B
20240126;104618;6824.000000000;1;9468912361;B
20240126;104619;6824.000000000;2;9468912600;B
20240126;104621;6824.000000000;1;9468912955;B
20240126;104622;6824.000000000;42;9468913041;B
20240126;104626;6824.000000000;10;9468913517;B
20240126;104631;6824.000000000;1;9468914387;B
20240126;104633;6824.000000000;1;9468914614;B
20240126;104634;6824.500000000;1;9468914771;B
20240126;104643;6825.000000000;1;9468915563;B
20240126;104649;6825.500000000;1;9468916191;B
20240126;104651;6825.500000000;2;9468916562;B
20240126;104657;6825.500000000;5;9468917470;S
20240126;104657;6826.000000000;5;9468917483;B
20240126;104657;6825.500000000;1;9468917484;S
20240126;104659;6826.000000000;1;9468917813;B
20240126;104700;6826.000000000;1;9468918011;B
20240126;104703;6826.000000000;28;9468918456;B
20240126;104704;6826.000000000;1;9468918480;B
20240126;104705;6825.500000000;1;9468918644;S
20240126;104706;6826.000000000;50;9468918805;B
20240126;104710;6826.000000000;1;9468919601;B
20240126;104721;6826.000000000;1;9468921148;B
20240126;104725;6826.000000000;1;9468921906;B
20240126;104726;6825.500000000;3;9468921963;S
20240126;104726;6825.000000000;22;9468921964;S
20240126;104731;6825.500000000;1;9468922644;B
