<DATE>;<TIME>;<LAST>;<VOL>;<ID>;<OPER>
20240227;095950;7430;2;9702585365;S
20240227;095950;7430;1;9702585366;B
20240227;095950;7430;2;9702585367;S
20240227;095950;7430;2;9702585368;S
20240227;095950;7430;1;9702585369;S
20240227;095950;7430;1;9702585370;S
20240227;095950;7430;1;9702585371;B
20240227;095950;7430;5;9702585372;B
20240227;095950;7430;2;9702585373;B
20240227;095950;7430;1;9702585374;B
20240227;095950;7430;2;9702585375;B
20240227;095950;7430;5;9702585376;B
20240227;095950;7430;4;9702585377;B
20240227;095950;7430;1;9702585378;B
20240227;095950;7430;10;9702585379;B
20240227;095950;7430;3;9702585380;B
20240227;095950;7430;2;9702585381;B
20240227;095950;7430;2;9702585382;B
20240227;095950;7430;2;9702585383;B
20240227;095950;7430;2;9702585384;B
20240227;095950;7430;3;9702585385;B
20240227;095950;7430;6;9702585386;B
20240227;095950;7430;2;9702585387;B
20240227;095950;7430;5;9702585388;B
20240227;095950;7430;8;9702585389;B
20240227;095950;7430;3;9702585390;B
20240227;095950;7430;8;9702585391;B
20240227;095950;7430;1;9702585392;B
20240227;095950;7430;1;9702585393;B
20240227;095950;7430;18;9702585394;B
20240227;095950;7430;4;9702585395;B
20240227;095950;7430;8;9702585396;B
20240227;095950;7430;10;9702585397;S
20240227;095950;7430;410;9702585398;B
20240227;095950;7430;144;9702585399;S
20240227;095950;7430;45;9702585400;S
20240227;095950;7430;14;9702585401;S
20240227;095950;7430;4;9702585402;S
20240227;095950;7430;1;9702585403;S
20240227;095950;7430;1;9702585404;B
20240227;095950;7430;22;9702585405;B
20240227;095950;7430;3;9702585406;B
20240227;095950;7430;7;9702585407;B
20240227;095950;7430;5;9702585408;B
20240227;095950;7430;3;9702585409;B
20240227;095950;7430;10;9702585410;B
20240227;095950;7430;27;9702585411;B
20240227;095950;7430;22;9702585412;B
20240227;095950;7430;50;9702585413;B
20240227;095950;7430;10;9702585414;B
20240227;095950;7430;20;9702585415;B
20240227;095950;7430;200;9702585416;B
20240227;095950;7430;30;9702585417;B
20240227;095950;7430;17;9702585418;B
20240227;095950;7430;274;9702585419;B
20240227;095950;7430;5;9702585420;B
20240227;095950;7430;1000;9702585421;B
20240227;100000;7425;2;9702588187;S
20240227;100000;7425;1;9702588215;S
20240227;100000;7425;14;9702588311;S
20240227;100000;7425;263;9702588385;S
20240227;100000;7420;12;9702588396;S
20240227;100000;7420;25;9702588397;S
20240227;100000;7420;8;9702588413;S
20240227;100000;7423.5;2;9702588428;S
20240227;100000;7423.5;8;9702588615;S
20240227;100000;7420;70;9702588616;S
20240227;100000;7420;4;9702588976;S
20240227;100000;7420;26;9702589056;S
20240227;100000;7420;26;9702589086;S
20240227;100000;7420;26;9702589098;S
20240227;100000;7420;26;9702589113;S
20240227;100000;7420;26;9702589119;S
20240227;100000;7420;26;9702589124;S
20240227;100000;7420;26;9702589146;S
20240227;100000;7420;26;9702589151;S
20240227;100000;7420;26;9702589155;S
20240227;100000;7420;26;9702589162;S
20240227;100000;7420;26;9702589164;S
20240227;100000;7420;26;9702589166;S
20240227;100000;7420;26;9702589168;S
20240227;100000;7420;26;9702589170;S
20240227;100000;7420;26;9702589174;S
20240227;100000;7420;26;9702589176;S
20240227;100000;7420;26;9702589178;S
20240227;100000;7420;26;9702589180;S
20240227;100000;7420;26;9702589185;S
20240227;100000;7420;26;9702589187;S
20240227;100001;7420;1;9702589520;S
20240227;100001;7420;26;9702589575;S
20240227;100001;7420.5;2;9702589755;B
20240227;100001;7420;1;9702589888;S
20240227;100001;7420;1;9702590076;S
20240227;100001;7420;7;9702590170;S
20240227;100001;7420;4;9702590302;S
20240227;100001;7420.5;16;9702590619;B
20240227;100001;7420;1;9702590676;S
20240227;100001;7420;3;9702590746;S
20240227;100002;7420.5;2;9702590795;B
20240227;100002;7420.5;2;9702590796;B
20240227;100002;7420.5;2;9702590797;B
20240227;100002;7420.5;1;9702590798;B
20240227;100002;7420;4;9702590813;S
20240227;100002;7420;500;9702591098;S
20240227;100002;7420;2;9702591171;S
20240227;100002;7420;5;9702591276;S
20240227;100002;7420;3;9702591295;S
20240227;100003;7420;10;9702592124;S
20240227;100004;7420;6;9702592747;S
20240227;100005;7420;1;9702593005;S
20240227;100005;7420;10;9702593646;S
20240227;100005;7420;3;9702593898;S
20240227;100005;7420;1;9702593985;S
20240227;100006;7420;1;9702594216;S
20240227;100006;7420;171;9702594946;S
20240227;100006;7418;9;9702594952;S
20240227;100006;7418;100;9702594953;S
20240227;100006;7418;100;9702594954;S
20240227;100006;7418;100;9702594955;S
20240227;100006;7418;100;9702594957;S
20240227;100006;7418;11;9702594958;S
20240227;100006;7418;1;9702595077;S
20240227;100006;7418;1;9702595196;S
20240227;100006;7418.5;2;9702595200;B
20240227;100006;7418.5;48;9702595201;B
20240227;100006;7418.5;2;9702595372;B
20240227;100006;7418.5;1;9702595373;B
20240227;100006;7418.5;10;9702595374;B
20240227;100006;7418;1;9702595376;S
20240227;100006;7418.5;1;9702595956;B
20240227;100007;7418.5;1;9702596202;B
20240227;100007;7418.5;5;9702596439;B
20240227;100010;7418;34;9702597344;S
20240227;100010;7418;1;9702597478;S
20240227;100011;7418.5;1;9702597766;B
20240227;100011;7418.5;1;9702597824;B
20240227;100011;7418;40;9702598095;S
20240227;100012;7418.5;1;9702598183;B
20240227;100012;7418.5;10;9702598184;B
20240227;100012;7418.5;10;9702598185;B
20240227;100012;7418.5;10;9702598186;B
20240227;100012;7418.5;10;9702598187;B
20240227;100012;7418.5;10;9702598188;B
20240227;100012;7418.5;10;9702598189;B
20240227;100012;7418.5;10;9702598190;B
20240227;100012;7418.5;2;9702598191;B
20240227;100012;7418.5;40;9702598192;B
20240227;100012;7418.5;41;9702598193;B
20240227;100012;7419;29;9702598194;B
20240227;100012;7420.5;25;9702598195;B
20240227;100012;7421.5;50;9702598196;B
20240227;100012;7425;1;9702598197;B
20240227;100012;7429;29;9702598198;B
20240227;100012;7429;29;9702598199;B
20240227;100012;7429.5;10;9702598200;B
20240227;100012;7429.5;60;9702598201;B
20240227;100012;7429.5;40;9702598202;B
20240227;100012;7430;187;9702598203;B
20240227;100012;7428.5;17;9702598207;B
20240227;100012;7428;2;9702598315;S
20240227;100012;7428;1;9702598328;S
20240227;100012;7418;2;9702598343;S
20240227;100012;7428.5;1;9702598357;B
20240227;100012;7429;9;9702598358;B
20240227;100012;7419.5;3;9702598360;S
20240227;100012;7419;58;9702598361;S
20240227;100012;7418.5;12;9702598362;S
20240227;100012;7418;118;9702598363;S
20240227;100012;7418;10;9702598364;B
20240227;100012;7418;7;9702598365;B
20240227;100012;7418;28;9702598366;B
20240227;100012;7418;214;9702598367;B
20240227;100012;7427;2;9702598370;S
20240227;100012;7426.5;1;9702598371;B
20240227;100012;7425;1;9702598388;B
20240227;100012;7425;5;9702598390;B
20240227;100012;7424;15;9702598425;B
20240227;100013;7424;1;9702598469;B
20240227;100015;7415.5;1;9702599136;S
20240227;100015;7415;2;9702599337;S
20240227;100016;7419.5;3;9702599406;B
20240227;100016;7419.5;10;9702599407;B
20240227;100016;7420;10;9702599408;B
20240227;100016;7428;41;9702599409;B
20240227;100016;7428;58;9702599410;B
20240227;100016;7428.5;20;9702599411;B
20240227;100016;7429.5;40;9702599412;B
20240227;100016;7430;518;9702599413;B
20240227;100016;7429;14;9702599414;S
20240227;100016;7429;7;9702599415;S
20240227;100017;7420.5;2;9702599838;S
20240227;100018;7420.5;3;9702599922;S
20240227;100021;7421;3;9702600630;S
20240227;100022;7419;2;9702600929;S
20240227;100023;7419;40;9702601339;S
20240227;100023;7424;5;9702601340;B
20240227;100023;7425;1;9702601341;B
20240227;100023;7425;5;9702601342;B
20240227;100023;7425.5;2;9702601343;B
20240227;100023;7428;10;9702601344;B
20240227;100023;7429;40;9702601345;B
20240227;100023;7429.5;50;9702601346;B
20240227;100023;7429.5;41;9702601347;B
20240227;100023;7430;546;9702601348;B
20240227;100023;7422;2;9702601419;S
20240227;100029;7420;1;9702602863;S
20240227;100029;7419;58;9702602864;S
20240227;100029;7418.5;97;9702602865;S
20240227;100029;7418.5;56;9702602866;S
20240227;100029;7418;483;9702602867;S
20240227;100029;7418;5;9702602868;S
20240227;100030;7418;12;9702603394;S
20240227;100030;7423;5;9702603416;B
20240227;100030;7426.5;58;9702603417;B
20240227;100030;7427;56;9702603418;B
20240227;100030;7427.5;58;9702603419;B
20240227;100030;7428;91;9702603420;B
20240227;100030;7428.5;41;9702603421;B
20240227;100030;7429;11;9702603422;B
20240227;100030;7429;26;9702603423;B
20240227;100030;7430;354;9702603424;B
20240227;100031;7427.5;5;9702603485;B
20240227;100031;7429.5;41;9702603486;B
20240227;100031;7430;116;9702603487;B
20240227;100031;7430;138;9702603488;B
20240227;100031;7430;247;9702603489;B
20240227;100032;7428;5;9702603705;B
20240227;100032;7429.5;41;9702603706;B
20240227;100032;7430;753;9702603707;B
20240227;100032;7430;25;9702603708;B
20240227;100032;7430;5;9702603709;B
20240227;100032;7430;7;9702603710;B
20240227;100032;7430;164;9702603896;S
20240227;100032;7430;5;9702603897;S
20240227;100032;7420.5;31;9702603898;B
20240227;100032;7430;6;9702603899;B
20240227;100033;7436.5;1;9702604013;B
20240227;100033;7437;1;9702604014;B
20240227;100033;7438.5;18;9702604015;B
20240227;100033;7431;1;9702604021;S
20240227;100033;7431;4;9702604088;S
20240227;100033;7429.5;6;9702604089;S
20240227;100034;7429.5;20;9702604183;S
20240227;100034;7426.5;5;9702604329;S
20240227;100034;7422.5;3;9702604330;S
20240227;100034;7434.5;1;9702604413;B
20240227;100034;7428;5;9702604473;S
20240227;100034;7434.5;3;9702604540;B
20240227;100034;7430;5;9702604567;S
20240227;100034;7428;2;9702604717;S
20240227;100035;7429.5;5;9702604773;S
20240227;100035;7428;31;9702604774;S
20240227;100035;7427.5;95;9702604775;S
20240227;100035;7424;19;9702604776;S
20240227;100035;7433.5;2;9702604786;B
20240227;100035;7434;3;9702604787;B
20240227;100035;7427;5;9702604817;S
20240227;100037;7424.5;11;9702605470;B
20240227;100037;7427;5;9702605471;B
20240227;100037;7428.5;41;9702605472;B
20240227;100037;7429;500;9702605473;B
20240227;100037;7434;106;9702605474;B
20240227;100037;7439;5;9702605475;B
20240227;100037;7439;9;9702605476;B
20240227;100037;7439;23;9702605477;B
20240227;100038;7436.5;58;9702605831;B
20240227;100038;7437;1;9702605832;B
20240227;100038;7438.5;41;9702605833;B
20240227;100038;7439;17;9702605834;B
20240227;100038;7439.5;5;9702605835;B
20240227;100038;7441;1;9702605836;B
20240227;100038;7444;1;9702605837;B
20240227;100038;7444.5;5;9702605838;B
20240227;100038;7444.5;5;9702605839;B
20240227;100038;7445;1;9702605840;B
20240227;100038;7445;1;9702605841;B
20240227;100038;7446;20;9702605842;B
20240227;100038;7447;5;9702605843;B
20240227;100038;7447;3;9702605844;B
20240227;100038;7447.5;5;9702605845;B
20240227;100038;7447.5;50;9702605846;B
20240227;100038;7447.5;4;9702605847;B
20240227;100038;7448;2;9702605848;B
20240227;100038;7448;75;9702605849;B
20240227;100039;7428.5;5;9702605971;S
20240227;100039;7427.5;15;9702605972;S
20240227;100039;7439;41;9702606080;B
20240227;100039;7439;15;9702606081;B
20240227;100039;7439.5;40;9702606082;B
20240227;100039;7442;10;9702606083;B
20240227;100039;7443.5;5;9702606084;B
20240227;100039;7444;1;9702606085;B
20240227;100039;7444;8;9702606086;B
20240227;100039;7444.5;3;9702606087;B
20240227;100039;7447;4;9702606088;B
20240227;100039;7449;25;9702606089;B
20240227;100039;7449;5;9702606090;B
20240227;100039;7449.5;1;9702606091;B
20240227;100039;7449.5;6;9702606092;B
20240227;100039;7449.5;1;9702606093;B
20240227;100039;7449.5;300;9702606094;B
20240227;100039;7449.5;15;9702606095;B
20240227;100039;7450;1;9702606096;B
20240227;100039;7450;2;9702606097;B
20240227;100039;7450;2;9702606098;B
20240227;100039;7450;6;9702606099;B
20240227;100039;7450;1;9702606100;B
20240227;100039;7450;8;9702606101;B
20240227;100039;7437;4;9702606117;S
20240227;100039;7441;2;9702606158;B
20240227;100039;7432.5;5;9702606171;S
20240227;100039;7441;2;9702606211;B
20240227;100039;7444.5;2;9702606212;B
20240227;100040;7436.5;1;9702606399;B
20240227;100040;7432;5;9702606400;S
20240227;100040;7430.5;5;9702606401;S
20240227;100040;7436.5;1;9702606407;B
20240227;100040;7442;1;9702606409;B
20240227;100040;7442.5;1;9702606413;B
20240227;100040;7436;1;9702606426;B
20240227;100040;7436;4;9702606517;B
20240227;100040;7442.5;41;9702606518;B
20240227;100040;7443;4;9702606519;B
20240227;100040;7444;5;9702606520;B
20240227;100040;7444.5;17;9702606521;B
20240227;100040;7445;29;9702606522;B
20240227;100042;7444;1;9702606883;B
20240227;100042;7444.5;2;9702606884;B
20240227;100042;7445;1;9702606885;B
20240227;100043;7436;1;9702607205;S
20240227;100043;7435.5;9;9702607206;S
20240227;100044;7435.5;45;9702607273;S
20240227;100044;7435.5;3;9702607455;S
20240227;100046;7442;5;9702607858;B
20240227;100046;7444;1;9702607859;B
20240227;100047;7433;2;9702607897;S
20240227;100047;7432.5;5;9702607898;S
20240227;100047;7430;10;9702607899;S
20240227;100047;7443;58;9702607997;B
20240227;100047;7443.5;5;9702607998;B
20240227;100047;7444.5;10;9702607999;B
20240227;100047;7444.5;40;9702608000;B
20240227;100047;7445;20;9702608001;B
20240227;100047;7445.5;54;9702608002;B
20240227;100047;7447;10;9702608003;B
20240227;100047;7449;3;9702608004;B
20240227;100047;7449;1;9702608005;B
20240227;100047;7449;4;9702608006;B
20240227;100047;7449;50;9702608007;B
20240227;100047;7449.5;4;9702608008;B
20240227;100047;7450;127;9702608009;B
20240227;100047;7450;1;9702608010;B
20240227;100047;7450;1;9702608011;B
20240227;100047;7450;25;9702608012;B
20240227;100047;7450;20;9702608013;B
20240227;100047;7450;20;9702608014;B
20240227;100047;7450;2;9702608015;B
20240227;100047;7450;1;9702608016;B
20240227;100047;7450;5;9702608017;B
20240227;100047;7450;8;9702608018;B
20240227;100047;7450;50;9702608019;B
20240227;100047;7450;25;9702608020;B
20240227;100047;7450;1;9702608021;B
20240227;100047;7450;2;9702608022;B
20240227;100047;7450;150;9702608023;B
20240227;100047;7450;3;9702608024;B
20240227;100047;7450;1;9702608048;B
20240227;100048;7445;4;9702608349;B
20240227;100048;7450;12;9702608350;B
20240227;100048;7450;70;9702608351;B
20240227;100048;7450;1;9702608352;B
20240227;100048;7450;3;9702608353;B
20240227;100048;7450;2;9702608354;B
20240227;100048;7450;4;9702608355;B
20240227;100048;7450;5;9702608356;B
20240227;100048;7450;1;9702608357;B
20240227;100048;7450;1;9702608358;B
20240227;100048;7450;5;9702608359;B
20240227;100048;7450;10;9702608360;S
20240227;100048;7450;2;9702608361;S
20240227;100048;7450;1;9702608362;S
20240227;100048;7450;111;9702608363;S
20240227;100048;7450;384;9702608364;S
20240227;100048;7439;10;9702608368;B
20240227;100048;7449;2;9702608370;S
20240227;100049;7439.5;5;9702608506;S
20240227;100049;7439.5;5;9702608507;B
20240227;100049;7444.5;10;9702608762;S
20240227;100050;7444.5;10;9702608946;S
20240227;100050;7444.5;30;9702608947;S
20240227;100050;7438;10;9702608960;S
20240227;100053;7441.5;1;9702609695;S
20240227;100055;7434.5;11;9702610368;B
20240227;100057;7434.5;47;9702610822;B
20240227;100057;7435;370;9702610823;B
20240227;100057;7435;5;9702610824;B
20240227;100057;7441;53;9702610825;B
20240227;100057;7444;24;9702610826;B
20240227;100057;7444.5;40;9702610827;B
20240227;100057;7444.5;161;9702610828;B
20240227;100057;7444;2;9702610855;B
20240227;100057;7444;8;9702610856;B
20240227;100057;7444.5;2;9702610857;B
20240227;100057;7444.5;10;9702610858;B
20240227;100057;7444;2;9702610859;S
20240227;100057;7444.5;26;9702610862;B
20240227;100057;7445;20;9702610863;B
20240227;100057;7445;20;9702610864;B
20240227;100057;7446.5;5;9702610865;B
20240227;100057;7448;2;9702610866;B
20240227;100057;7448;5;9702610867;B
20240227;100057;7449;5;9702610868;B
20240227;100057;7451;1;9702610869;B
20240227;100057;7452;16;9702610870;B
20240227;100057;7451;2;9702610873;S
20240227;100057;7443;5;9702610978;B
20240227;100057;7444.5;17;9702610979;B
20240227;100058;7447;2;9702611047;B
20240227;100058;7447;3;9702611073;B
20240227;100058;7449.5;15;9702611074;B
20240227;100058;7449.5;1;9702611103;B
20240227;100058;7438;5;9702611104;S
20240227;100058;7434.5;58;9702611105;S
20240227;100058;7434;160;9702611106;S
20240227;100058;7434;58;9702611107;S
20240227;100058;7432.5;153;9702611108;S
20240227;100058;7430;1;9702611109;S
20240227;100058;7421;115;9702611110;S
20240227;100058;7437.5;5;9702611113;B
20240227;100058;7441;35;9702611114;B
20240227;100058;7438.5;2;9702611172;B
20240227;100058;7442;20;9702611188;B
20240227;100058;7437;5;9702611230;S
20240227;100058;7433.5;5;9702611231;S
20240227;100058;7443.5;11;9702611249;B
20240227;100058;7444.5;5;9702611250;B
20240227;100058;7448.5;10;9702611251;B
20240227;100058;7444;10;9702611291;B
20240227;100058;7446;5;9702611292;B
20240227;100058;7448.5;2;9702611293;B
20240227;100101;7440.5;3;9702611861;S
20240227;100101;7440;7;9702611862;S
20240227;100102;7440.5;5;9702612271;S
20240227;100102;7440;3;9702612272;S
20240227;100102;7439;2;9702612273;S
20240227;100102;7436;20;9702612302;S
20240227;100115;7432;1;9702615603;S
20240227;100115;7430.5;3;9702615604;S
20240227;100115;7430.5;9;9702615605;S
20240227;100117;7428.5;19;9702615859;B
20240227;100117;7428;1;9702615984;S
20240227;100117;7427.5;2;9702615985;S
20240227;100117;7427.5;3;9702615986;S
20240227;100117;7427;5;9702615987;S
20240227;100118;7433;4;9702616050;S
20240227;100118;7427.5;5;9702616175;S
20240227;100119;7427;1;9702616309;S
20240227;100119;7427.5;22;9702616343;B
20240227;100123;7427.5;9;9702617254;B
20240227;100123;7435;1;9702617311;B
20240227;100123;7435.5;1;9702617312;B
20240227;100123;7438;1;9702617313;B
20240227;100130;7436;1;9702618547;B
20240227;100131;7437;2;9702618623;B
20240227;100131;7438.5;5;9702618624;B
20240227;100131;7438.5;25;9702618625;B
20240227;100131;7439;1;9702618626;B
20240227;100131;7439;5;9702618627;B
20240227;100131;7440;25;9702618628;B
20240227;100131;7442.5;46;9702618629;B
20240227;100131;7442.5;38;9702618630;B
20240227;100131;7443;187;9702618631;B
20240227;100131;7444.5;3;9702618632;B
20240227;100131;7445;30;9702618633;B
20240227;100131;7446;50;9702618634;B
20240227;100131;7446;50;9702618635;B
20240227;100131;7446.5;3;9702618636;B
20240227;100131;7447.5;20;9702618637;B
20240227;100131;7448;210;9702618638;B
20240227;100131;7436.5;1;9702618668;S
20240227;100131;7437;1;9702618669;S
20240227;100132;7436.5;10;9702618896;S
20240227;100135;7438;6;9702619672;S
20240227;100138;7445;2;9702620245;B
20240227;100138;7445.5;5;9702620246;B
20240227;100138;7446.5;1;9702620247;B
20240227;100138;7446.5;2;9702620248;B
20240227;100138;7447;11;9702620249;B
20240227;100138;7448;679;9702620250;B
20240227;100140;7441.5;21;9702620551;S
20240227;100140;7441;1;9702620552;S
20240227;100140;7440;3;9702620553;S
20240227;100140;7439;1;9702620554;S
20240227;100140;7439;4;9702620555;S
20240227;100140;7439.5;13;9702620584;S
20240227;100140;7447;13;9702620620;B
20240227;100140;7447.5;1;9702620621;B
20240227;100140;7447.5;5;9702620622;B
20240227;100140;7448;93;9702620623;B
20240227;100140;7448;8;9702620624;B
20240227;100142;7440.5;20;9702620968;S
20240227;100143;7441;1;9702621102;S
20240227;100143;7443;1;9702621137;B
20240227;100145;7443.5;10;9702621436;S
20240227;100145;7443;1;9702621437;S
20240227;100145;7443;5;9702621438;S
20240227;100145;7442;1;9702621439;S
20240227;100145;7442;3;9702621440;S
20240227;100145;7439;30;9702621441;S
20240227;100145;7439.5;14;9702621459;S
20240227;100146;7439.5;1;9702621762;S
20240227;100146;7439.5;5;9702621788;S
20240227;100146;7437.5;16;9702621789;S
20240227;100151;7438;1;9702622883;S
20240227;100151;7437.5;4;9702622973;S
20240227;100151;7437;3;9702622974;S
20240227;100152;7437.5;1;9702623024;S
20240227;100152;7437.5;1;9702623071;S
20240227;100152;7442;1;9702623165;B
20240227;100153;7442;1;9702623218;B
20240227;100159;7437.5;1;9702624255;S
20240227;100200;7437.5;1;9702624465;S
20240227;100200;7437.5;1;9702624470;S
20240227;100200;7437;17;9702624471;S
20240227;100200;7436;52;9702624472;S
20240227;100202;7436;6;9702624818;S
20240227;100204;7436.5;1;9702625124;S
20240227;100204;7436;14;9702625125;S
20240227;100205;7436;1;9702625330;S
20240227;100207;7437.5;5;9702625962;B
20240227;100207;7437.5;20;9702625963;B
20240227;100207;7438;50;9702625964;B
20240227;100207;7439.5;50;9702625965;B
20240227;100207;7440;200;9702625966;B
20240227;100207;7440;20;9702625967;B
20240227;100207;7441;15;9702625968;B
20240227;100207;7442;54;9702625969;B
20240227;100207;7442;20;9702625970;B
20240227;100207;7442;100;9702625971;B
20240227;100207;7445;1;9702625972;B
20240227;100207;7445;135;9702625973;B
20240227;100207;7445;10;9702625974;B
20240227;100207;7447;2;9702625975;B
20240227;100207;7447;18;9702625976;B
20240227;100208;7437.5;1;9702626235;S
20240227;100208;7437.5;2;9702626236;S
20240227;100208;7437;10;9702626237;S
20240227;100208;7444.5;1;9702626244;B
20240227;100211;7436;8;9702626941;S
20240227;100211;7436;1;9702626959;S
20240227;100212;7436;2;9702627023;S
20240227;100213;7436;6;9702627376;S
20240227;100214;7436;2;9702627600;S
20240227;100215;7436;7;9702627669;S
20240227;100215;7436;3;9702627670;S
20240227;100215;7436;2;9702627747;S
20240227;100216;7436;2;9702627890;S
20240227;100216;7436.5;13;9702627975;B
20240227;100216;7436.5;6;9702627976;B
20240227;100216;7436;15;9702627977;S
20240227;100216;7436;40;9702628075;S
20240227;100218;7436;1;9702628468;S
20240227;100218;7436;15;9702628565;S
20240227;100219;7436;10;9702628805;S
20240227;100220;7436;1;9702629109;S
20240227;100222;7436.5;5;9702629604;B
20240227;100222;7437;1;9702629605;B
20240227;100222;7437;20;9702629606;B
20240227;100222;7440;200;9702629607;B
20240227;100222;7442;100;9702629608;B
20240227;100222;7443.5;5;9702629609;B
20240227;100222;7443.5;19;9702629610;B
20240227;100223;7436;1;9702629707;S
20240227;100225;7436;1;9702630230;S
20240227;100229;7438;27;9702631162;B
20240227;100229;7439;20;9702631163;B
20240227;100229;7439.5;1;9702631164;B
20240227;100229;7441.5;5;9702631165;B
20240227;100229;7443;58;9702631166;B
20240227;100229;7443.5;105;9702631167;B
20240227;100229;7446;1;9702631168;B
20240227;100229;7446;30;9702631169;B
20240227;100229;7447;20;9702631170;B
20240227;100229;7447;10;9702631171;B
20240227;100229;7447;5;9702631172;B
20240227;100229;7447.5;1;9702631173;B
20240227;100229;7448;12;9702631174;B
20240227;100229;7448;20;9702631175;B
20240227;100229;7448;6;9702631176;B
20240227;100229;7448;1;9702631177;B
20240227;100229;7448;28;9702631178;B
20240227;100231;7438;1;9702631711;S
20240227;100231;7437.5;1;9702631712;S
20240227;100231;7437.5;2;9702631736;S
20240227;100233;7442.5;1;9702632016;B
20240227;100233;7442.5;1;9702632017;B
20240227;100236;7438;3;9702632718;S
20240227;100236;7437.5;55;9702632719;S
20240227;100236;7437;1;9702632720;S
20240227;100236;7436;139;9702632721;S
20240227;100236;7436;2;9702632722;S
20240227;100236;7436;20;9702632723;S
20240227;100236;7436;15;9702632724;S
20240227;100236;7436;6;9702632842;S
20240227;100240;7436;1;9702633379;S
20240227;100246;7439;5;9702634372;B
20240227;100251;7436.5;3;9702635343;S
20240227;100251;7436;28;9702635344;S
20240227;100257;7439;1;9702636403;B
20240227;100303;7439;14;9702637372;B
20240227;100303;7440;30;9702637373;B
20240227;100303;7440;20;9702637374;B
20240227;100303;7442;83;9702637375;B
20240227;100303;7443.5;5;9702637376;B
20240227;100303;7445;2;9702637377;B
20240227;100303;7445;5;9702637378;B
20240227;100303;7445;1;9702637403;S
20240227;100303;7445.5;2;9702637406;B
20240227;100303;7446;3;9702637407;B
20240227;100303;7446.5;10;9702637408;B
20240227;100304;7445;3;9702637594;S
20240227;100306;7445;5;9702638171;S
20240227;100306;7445;3;9702638190;S
20240227;100307;7445;7;9702638292;S
20240227;100307;7445;3;9702638386;S
20240227;100314;7445;20;9702640118;S
20240227;100315;7445;6;9702640210;S
20240227;100317;7445;1;9702640556;S
20240227;100317;7445;7;9702640663;S
20240227;100318;7446;1;9702640793;B
20240227;100319;7446;2;9702640869;B
20240227;100319;7446.5;12;9702640870;B
20240227;100319;7445;10;9702640962;S
20240227;100320;7445;1;9702641039;S
20240227;100323;7445;1;9702641545;S
20240227;100329;7446;1;9702643109;B
20240227;100329;7446.5;18;9702643110;B
20240227;100329;7447;20;9702643111;B
20240227;100329;7448;1;9702643112;B
20240227;100329;7448;20;9702643113;B
20240227;100329;7448;54;9702643114;B
20240227;100329;7448;10;9702643115;B
20240227;100329;7448.5;3;9702643116;B
20240227;100329;7448.5;1;9702643117;B
20240227;100329;7448.5;1;9702643118;B
20240227;100329;7448.5;6;9702643119;B
20240227;100329;7449;23;9702643120;B
20240227;100329;7449;1;9702643121;B
20240227;100329;7449.5;29;9702643122;B
20240227;100329;7449.5;10;9702643123;B
20240227;100329;7449.5;1;9702643124;B
20240227;100329;7449.5;12;9702643125;B
20240227;100329;7449.5;1;9702643126;B
20240227;100329;7450;30;9702643127;B
20240227;100329;7450;1;9702643128;B
20240227;100329;7450;100;9702643129;B
20240227;100329;7450;130;9702643130;B
20240227;100329;7450;20;9702643131;B
20240227;100329;7450;10;9702643132;B
20240227;100329;7450;107;9702643133;B
20240227;100329;7450;5;9702643134;B
20240227;100329;7450;10;9702643135;B
20240227;100329;7450;27;9702643136;B
20240227;100329;7450;34;9702643137;B
20240227;100329;7450;1;9702643138;B
20240227;100329;7450;1;9702643139;B
20240227;100329;7451;4;9702643140;B
20240227;100329;7452;4;9702643141;B
20240227;100329;7452;1;9702643142;B
20240227;100329;7453.5;3;9702643143;B
20240227;100329;7451.5;2;9702643154;B
20240227;100330;7451.5;4;9702643184;B
20240227;100330;7453;58;9702643185;B
20240227;100330;7453.5;138;9702643186;B
20240227;100330;7449;5;9702643219;S
20240227;100330;7447;5;9702643223;S
20240227;100330;7445.5;3;9702643224;S
20240227;100330;7445;392;9702643225;S
20240227;100330;7445;1;9702643248;S
20240227;100331;7449;1;9702643360;B
20240227;100338;7448.5;23;9702644837;B
20240227;100338;7448.5;20;9702644838;B
20240227;100338;7449;9;9702644839;B
20240227;100338;7449;100;9702644840;B
20240227;100338;7449;3;9702644841;B
20240227;100338;7450;60;9702644842;B
20240227;100338;7450.5;5;9702644843;B
20240227;100338;7452.5;1;9702644844;B
20240227;100338;7453;4;9702644845;B
20240227;100338;7453;4;9702644846;B
20240227;100338;7453.5;110;9702644847;B
20240227;100338;7454;8;9702644848;B
20240227;100338;7454;20;9702644849;B
20240227;100338;7454;1;9702644850;B
20240227;100338;7454;1;9702644851;B
20240227;100338;7454.5;1;9702644852;B
20240227;100338;7454.5;2;9702644853;B
20240227;100338;7455;1;9702644854;B
20240227;100338;7455;50;9702644855;B
20240227;100338;7455;1;9702644856;B
20240227;100338;7455;30;9702644857;B
20240227;100338;7455;1;9702644858;B
20240227;100338;7455;2;9702644859;B
20240227;100338;7455.5;3;9702644860;B
20240227;100338;7455.5;26;9702644861;B
20240227;100338;7456;2;9702644862;B
20240227;100338;7456;10;9702644863;B
20240227;100338;7456;30;9702644864;B
20240227;100338;7457;1;9702644865;B
20240227;100338;7458.5;1;9702644866;B
20240227;100338;7458.5;3;9702644867;B
20240227;100338;7459;5;9702644868;B
20240227;100338;7459;2;9702644869;B
20240227;100338;7459;1;9702644870;B
20240227;100338;7459.5;1;9702644871;B
20240227;100338;7460;1;9702644872;B
20240227;100338;7460;5;9702644873;B
20240227;100338;7460;10;9702644874;B
20240227;100338;7460;10;9702644875;B
20240227;100338;7460;20;9702644876;B
20240227;100338;7460;5;9702644877;B
20240227;100338;7460;20;9702644878;B
20240227;100338;7461;4;9702644879;B
20240227;100338;7461;83;9702644880;B
20240227;100338;7460;1;9702644887;B
20240227;100338;7460.5;1;9702644888;B
20240227;100338;7460.5;1;9702644891;B
20240227;100339;7460;1;9702644917;B
20240227;100339;7448;1;9702644942;S
20240227;100339;7459.5;1;9702644945;B
20240227;100339;7460;12;9702644946;B
20240227;100339;7456;5;9702644948;S
20240227;100339;7456;2;9702644949;S
20240227;100339;7449;3;9702644950;S
20240227;100339;7449;6;9702644951;B
20240227;100339;7449.5;1;9702644952;B
20240227;100339;7447.5;2;9702644959;S
20240227;100339;7457;5;9702645050;S
20240227;100339;7455.5;5;9702645051;S
20240227;100340;7457;1;9702645098;S
20240227;100340;7457;1;9702645104;S
20240227;100340;7459;3;9702645161;B
20240227;100340;7459.5;2;9702645162;B
20240227;100340;7459.5;1;9702645203;B
20240227;100340;7459.5;5;9702645214;B
20240227;100340;7459.5;1;9702645259;B
20240227;100341;7458;5;9702645364;S
20240227;100342;7458.5;1;9702645548;B
20240227;100342;7459;1;9702645635;B
20240227;100343;7459;5;9702645708;B
20240227;100343;7459;5;9702645718;B
20240227;100344;7459;39;9702645882;B
20240227;100344;7459.5;1;9702645883;B
20240227;100344;7459.5;3;9702645884;B
20240227;100344;7460;1;9702645885;B
20240227;100344;7460;26;9702645886;B
20240227;100344;7460;144;9702645887;B
20240227;100344;7460;1;9702645888;B
20240227;100344;7460.5;1;9702645889;B
20240227;100344;7460.5;20;9702645890;B
20240227;100344;7461.5;6;9702645891;S
20240227;100344;7461.5;3;9702645892;S
20240227;100344;7461.5;4;9702645945;S
20240227;100344;7461.5;22;9702646019;S
20240227;100345;7462;1;9702646061;B
20240227;100345;7463.5;5;9702646077;B
20240227;100345;7464;1;9702646138;S
20240227;100345;7464;1;9702646143;S
20240227;100345;7465;1;9702646162;B
20240227;100345;7464;1;9702646181;S
20240227;100346;7464;2;9702646204;S
20240227;100346;7463;2;9702646270;S
20240227;100346;7462.5;1;9702646271;S
20240227;100346;7462;3;9702646272;S
20240227;100346;7461.5;14;9702646273;S
20240227;100346;7462.5;1;9702646319;S
20240227;100346;7464;2;9702646350;B
20240227;100347;7464;1;9702646459;B
20240227;100347;7464.5;10;9702646460;B
20240227;100347;7465;8;9702646504;B
20240227;100347;7465;1;9702646536;B
20240227;100347;7464.5;2;9702646553;S
20240227;100348;7464.5;7;9702646612;B
20240227;100348;7464.5;3;9702646613;B
20240227;100348;7465;40;9702646614;B
20240227;100348;7465;4;9702646672;B
20240227;100348;7465;1;9702646673;B
20240227;100349;7465;46;9702646850;B
20240227;100349;7465;1;9702646851;B
20240227;100349;7465;1;9702646852;B
20240227;100349;7465;3;9702646853;B
20240227;100349;7465;10;9702646854;B
20240227;100349;7465;1;9702646855;B
20240227;100349;7465.5;3;9702646856;B
20240227;100349;7466.5;1;9702646857;B
20240227;100349;7466.5;3;9702646858;B
20240227;100349;7467;100;9702646859;B
20240227;100349;7467.5;1;9702646860;B
20240227;100349;7467.5;8;9702646861;B
20240227;100349;7468;1;9702646862;B
20240227;100349;7468;62;9702646863;B
20240227;100349;7468;60;9702646864;B
20240227;100349;7468;5;9702646865;B
20240227;100349;7468.5;1;9702646866;B
20240227;100349;7469;5;9702646867;B
20240227;100349;7469;2;9702646868;B
20240227;100349;7470;1;9702646869;B
20240227;100349;7470;20;9702646870;B
20240227;100349;7470;1;9702646871;B
20240227;100349;7470;1;9702646872;B
20240227;100349;7470;1;9702646873;B
20240227;100349;7470;1;9702646874;B
20240227;100349;7470;6;9702646875;B
20240227;100349;7471;1;9702646876;B
20240227;100349;7471;4;9702646877;B
20240227;100349;7472;1;9702646879;S
20240227;100349;7472.5;2;9702646888;B
20240227;100349;7472.5;8;9702646889;B
20240227;100349;7473;30;9702646890;B
20240227;100349;7473;5;9702646891;B
20240227;100349;7472;4;9702646906;S
20240227;100349;7473;50;9702646907;B
20240227;100350;7472.5;1;9702646965;B
20240227;100350;7472.5;2;9702646967;B
20240227;100350;7472;4;9702647017;S
20240227;100350;7472;2;9702647018;S
20240227;100350;7472;3;9702647019;S
20240227;100350;7472;1;9702647020;S
20240227;100350;7472.5;10;9702647028;B
20240227;100350;7472;1;9702647031;S
20240227;100350;7472;4;9702647032;S
20240227;100350;7472;1;9702647033;S
20240227;100350;7472;2;9702647034;S
20240227;100350;7466.5;2;9702647035;S
20240227;100350;7472.5;5;9702647063;B
20240227;100350;7472;5;9702647159;S
20240227;100350;7472;1;9702647161;S
20240227;100350;7472.5;4;9702647165;B
20240227;100350;7472.5;5;9702647166;B
20240227;100350;7473;11;9702647167;B
20240227;100350;7472;14;9702647184;S
20240227;100351;7471;1;9702647187;S
20240227;100351;7463.5;5;9702647188;S
20240227;100351;7463;2;9702647189;S
20240227;100352;7463;5;9702647350;S
20240227;100356;7465;1;9702648131;B
20240227;100357;7464.5;3;9702648145;S
20240227;100402;7466.5;1;9702649410;B
20240227;100402;7466.5;21;9702649411;B
20240227;100402;7467;1;9702649412;B
20240227;100402;7469.5;5;9702649413;B
20240227;100402;7470;5;9702649414;B
20240227;100402;7471.5;7;9702649415;B
20240227;100402;7472;343;9702649416;B
20240227;100402;7465;15;9702649488;S
20240227;100404;7464.5;5;9702649868;S
20240227;100404;7464.5;1;9702649869;S
20240227;100404;7464.5;3;9702649870;S
20240227;100404;7464;10;9702649871;S
20240227;100404;7464;2;9702649881;B
20240227;100406;7463;1;9702650301;S
20240227;100409;7463.5;1;9702650851;B
20240227;100409;7461;1;9702650957;S
20240227;100409;7460;3;9702650958;S
20240227;100409;7459.5;1;9702650959;S
20240227;100410;7459;1;9702650964;S
20240227;100410;7459;2;9702650965;S
20240227;100415;7461;1;9702651939;B
20240227;100415;7462.5;1;9702651940;B
20240227;100417;7463;1;9702652443;B
20240227;100417;7459;50;9702652478;S
20240227;100417;7458.5;50;9702652555;S
20240227;100417;7458.5;3;9702652556;S
20240227;100418;7457.5;1;9702652836;S
20240227;100418;7458.5;3;9702652854;B
20240227;100419;7457.5;1;9702653043;S
20240227;100419;7457;20;9702653044;S
20240227;100419;7457;3;9702653045;S
20240227;100419;7456.5;3;9702653046;S
20240227;100419;7456;6;9702653047;S
20240227;100419;7455.5;17;9702653048;S
20240227;100421;7455;3;9702653577;S
20240227;100422;7455;50;9702653641;S
20240227;100422;7455;94;9702653851;S
20240227;100423;7455;1;9702653893;S
20240227;100424;7455;1;9702654059;S
20240227;100425;7455;10;9702654429;S
20240227;100425;7455;21;9702654430;S
20240227;100425;7455;1;9702654468;S
20240227;100426;7455;3;9702654669;S
20240227;100427;7455.5;4;9702654811;B
20240227;100427;7455;4;9702654905;S
20240227;100428;7455;4;9702654999;S
20240227;100429;7455;1;9702655309;S
20240227;100430;7455;62;9702655372;S
20240227;100430;7455.5;11;9702655373;B
20240227;100430;7455.5;1;9702655374;B
20240227;100430;7455.5;1;9702655425;B
20240227;100431;7455.5;2;9702655522;B
20240227;100433;7455;5;9702656012;S
20240227;100433;7455;3;9702656043;S
20240227;100433;7455;10;9702656140;S
20240227;100436;7455;18;9702656661;S
20240227;100436;7455;53;9702656739;S
20240227;100440;7455;6;9702657494;S
20240227;100442;7455.5;2;9702658044;B
20240227;100442;7455;107;9702658076;S
20240227;100444;7455;1;9702658358;S
20240227;100444;7455;18;9702658375;S
20240227;100446;7455;20;9702658858;S
20240227;100447;7455.5;4;9702659146;B
20240227;100447;7455.5;10;9702659147;B
20240227;100447;7455.5;2;9702659148;B
20240227;100447;7455.5;10;9702659149;B
20240227;100447;7455.5;1;9702659150;B
20240227;100447;7455.5;1;9702659151;B
20240227;100447;7458;10;9702659152;B
20240227;100447;7458;5;9702659153;B
20240227;100447;7458.5;134;9702659154;B
20240227;100447;7459;53;9702659155;B
20240227;100447;7459;1;9702659156;B
20240227;100447;7460;20;9702659157;B
20240227;100447;7460;2;9702659158;B
20240227;100447;7461;4;9702659159;B
20240227;100447;7462;1;9702659160;B
20240227;100447;7463;10;9702659161;B
20240227;100447;7463;2;9702659162;B
20240227;100447;7463;1;9702659163;B
20240227;100447;7463;10;9702659164;B
20240227;100447;7463.5;19;9702659165;B
20240227;100452;7463.5;21;9702659943;B
20240227;100452;7463.5;15;9702659944;B
20240227;100452;7464;104;9702659945;B
20240227;100452;7459.5;2;9702660093;S
20240227;100453;7463.5;2;9702660310;B
20240227;100453;7463.5;2;9702660311;B
20240227;100453;7464;75;9702660312;B
20240227;100453;7464;1;9702660313;B
20240227;100453;7464;1;9702660314;B
20240227;100453;7464;2;9702660315;B
20240227;100453;7464;2;9702660316;B
20240227;100453;7464.5;1;9702660317;B
20240227;100453;7465;2;9702660318;B
20240227;100453;7465.5;52;9702660319;B
20240227;100454;7459.5;8;9702660456;S
20240227;100454;7459.5;2;9702660457;S
20240227;100455;7459.5;1;9702660634;S
20240227;100458;7459.5;2;9702661094;S
20240227;100458;7459.5;1;9702661095;S
20240227;100458;7459;5;9702661096;S
20240227;100458;7457.5;2;9702661097;S
20240227;100458;7459.5;5;9702661130;S
20240227;100458;7457;5;9702661131;S
20240227;100503;7463.5;1;9702661948;B
20240227;100504;7463;1;9702662235;B
20240227;100505;7459;5;9702662535;S
20240227;100505;7458.5;5;9702662536;S
20240227;100505;7458;5;9702662537;S
20240227;100505;7458.5;1;9702662549;S
20240227;100506;7458.5;4;9702662768;S
20240227;100506;7458.5;2;9702662853;S
20240227;100507;7462.5;1;9702663229;B
20240227;100507;7463;1;9702663230;B
20240227;100509;7458.5;3;9702663487;S
20240227;100509;7458;34;9702663488;S
20240227;100509;7457.5;5;9702663489;S
20240227;100509;7456;28;9702663490;S
20240227;100512;7462.5;10;9702664085;B
20240227;100513;7458;2;9702664255;S
20240227;100513;7457.5;1;9702664256;S
20240227;100516;7462;1;9702664758;B
20240227;100518;7462;5;9702665239;B
20240227;100519;7462;15;9702665360;B
20240227;100523;7458;10;9702666443;S
20240227;100528;7458;1;9702667672;S
20240227;100528;7457.5;4;9702667673;S
20240227;100530;7459;4;9702668097;B
20240227;100530;7459.5;4;9702668098;B
20240227;100530;7460;42;9702668099;B
20240227;100530;7457;1;9702668189;S
20240227;100530;7460;65;9702668211;B
20240227;100532;7460;2;9702668435;B
20240227;100532;7457;27;9702668497;S
20240227;100534;7458;4;9702668721;B
20240227;100535;7457.5;1;9702668947;S
20240227;100535;7457.5;1;9702668955;S
20240227;100536;7457;3;9702669136;S
20240227;100537;7457;13;9702669533;S
20240227;100538;7457;5;9702669622;S
20240227;100538;7457;4;9702669744;S
20240227;100539;7458;1;9702670049;B
20240227;100539;7458;4;9702670050;B
20240227;100540;7458;1;9702670123;B
20240227;100542;7457;1;9702670553;S
20240227;100542;7457;3;9702670560;S
20240227;100546;7457;43;9702671087;S
20240227;100546;7456.5;4;9702671088;S
20240227;100546;7456.5;1;9702671148;B
20240227;100548;7456.5;10;9702671431;B
20240227;100551;7456.5;92;9702671977;B
20240227;100551;7457;4;9702671978;B
20240227;100551;7457;2;9702671979;B
20240227;100551;7457;2;9702671980;B
20240227;100554;7455.5;2;9702672454;S
20240227;100554;7455.5;1;9702672530;S
20240227;100555;7455.5;2;9702672620;S
20240227;100556;7456;2;9702672751;S
20240227;100556;7457;3;9702672768;B
20240227;100556;7457;12;9702672769;B
20240227;100600;7456;2;9702673347;S
20240227;100602;7456;1;9702673687;S
20240227;100602;7455.5;1;9702673688;S
20240227;100602;7456;2;9702673699;S
20240227;100604;7456.5;1;9702673909;B
20240227;100606;7456;1;9702674317;S
20240227;100607;7456.5;1;9702674378;B
20240227;100607;7456;1;9702674397;S
20240227;100608;7456;1;9702674523;S
20240227;100608;7455.5;4;9702674552;S
20240227;100608;7455;10;9702674553;S
20240227;100608;7455.5;5;9702674723;S
20240227;100608;7455;295;9702674724;S
20240227;100608;7455;100;9702674743;S
20240227;100609;7455;13;9702674848;S
20240227;100609;7455;20;9702674850;S
20240227;100610;7455;1;9702674957;S
20240227;100610;7455;5;9702674964;S
20240227;100610;7455;19;9702675026;S
20240227;100610;7455;18;9702675046;S
20240227;100610;7455.5;1;9702675064;B
20240227;100610;7456;2;9702675065;B
20240227;100611;7455;26;9702675198;S
20240227;100611;7456;1;9702675243;B
20240227;100613;7455;1;9702675459;S
20240227;100613;7455;1;9702675471;S
20240227;100613;7455.5;4;9702675524;B
20240227;100613;7455.5;21;9702675525;B
20240227;100613;7455;129;9702675603;S
20240227;100613;7455.5;1;9702675609;B
20240227;100614;7455;50;9702675721;S
20240227;100618;7455;100;9702676424;S
20240227;100618;7455;30;9702676485;S
20240227;100619;7455;186;9702676540;S
20240227;100619;7455;1;9702676541;S
20240227;100619;7455;1;9702676542;S
20240227;100619;7455;34;9702676543;S
20240227;100619;7455;5;9702676544;S
20240227;100619;7454.5;4;9702676545;S
20240227;100619;7452.5;5;9702676546;S
20240227;100619;7452;205;9702676547;S
20240227;100619;7452;1;9702676555;S
20240227;100619;7452;2;9702676572;S
20240227;100619;7452;1;9702676575;S
20240227;100621;7452;1;9702676936;S
20240227;100624;7453.5;10;9702677357;B
20240227;100624;7454;4;9702677358;B
20240227;100624;7455;5;9702677359;B
20240227;100624;7455.5;1;9702677360;B
20240227;100625;7452.5;2;9702677520;S
20240227;100626;7455.5;1;9702677704;B
20240227;100628;7452;1;9702677940;S
20240227;100632;7452.5;1;9702678587;S
20240227;100632;7452.5;8;9702678601;S
20240227;100632;7452;7;9702678602;S
20240227;100632;7455;4;9702678627;B
20240227;100632;7455;2;9702678628;B
20240227;100632;7455.5;13;9702678629;B
20240227;100632;7456;9;9702678630;B
20240227;100632;7456.5;8;9702678631;B
20240227;100632;7457;2;9702678632;B
20240227;100632;7457;3;9702678633;B
20240227;100632;7457;9;9702678634;B
20240227;100634;7452.5;10;9702679045;S
20240227;100635;7455;10;9702679125;B
20240227;100642;7452.5;7;9702679947;S
20240227;100646;7455;2;9702680476;B
20240227;100647;7455;5;9702680745;B
20240227;100652;7452;1;9702681757;S
20240227;100653;7452;1;9702681863;S
20240227;100655;7452;4;9702682058;S
20240227;100656;7452;4;9702682219;S
20240227;100656;7452;1;9702682221;S
20240227;100656;7452;10;9702682243;S
20240227;100659;7452;61;9702682653;S
20240227;100659;7452;19;9702682654;S
20240227;100659;7452;1;9702682737;S
20240227;100701;7452;1;9702682903;S
20240227;100702;7452.5;4;9702683091;B
20240227;100703;7452;1;9702683208;S
20240227;100703;7452.5;1;9702683291;B
20240227;100703;7452;1;9702683371;S
20240227;100704;7452.5;5;9702683415;B
20240227;100708;7453;4;9702684238;S
20240227;100708;7452.5;5;9702684239;S
20240227;100708;7452.5;5;9702684240;S
20240227;100708;7452;6;9702684241;S
20240227;100713;7452.5;3;9702684892;S
20240227;100713;7452;17;9702684893;S
20240227;100714;7452;5;9702685116;S
20240227;100717;7452;1;9702685602;S
20240227;100718;7452;2;9702685694;S
20240227;100721;7453;1;9702686151;B
20240227;100721;7453.5;5;9702686152;B
20240227;100721;7454.5;3;9702686153;B
20240227;100721;7454.5;5;9702686154;B
20240227;100721;7455;1;9702686155;B
20240227;100728;7453;1;9702687245;S
20240227;100728;7452.5;2;9702687246;S
20240227;100732;7452.5;4;9702687656;S
20240227;100732;7452;86;9702687657;S
20240227;100732;7452;14;9702687658;S
20240227;100732;7452;50;9702687659;S
20240227;100732;7452;1;9702687660;S
20240227;100732;7452;50;9702687661;S
20240227;100732;7451.5;5;9702687662;S
20240227;100732;7450.5;5;9702687663;S
20240227;100732;7450;140;9702687664;S
20240227;100732;7450;2;9702687665;S
20240227;100732;7448.5;143;9702687666;S
20240227;100732;7449;8;9702687689;B
20240227;100732;7449.5;1;9702687728;S
20240227;100733;7449.5;4;9702687766;S
20240227;100733;7448;20;9702687767;S
20240227;100734;7450;3;9702687957;B
20240227;100734;7452;42;9702687958;B
20240227;100734;7453;31;9702687959;B
20240227;100734;7453.5;47;9702687960;B
20240227;100734;7454;5;9702687961;B
20240227;100734;7454.5;22;9702687962;B
20240227;100734;7455;99;9702687963;B
20240227;100734;7455;33;9702687964;B
20240227;100734;7455;10;9702687965;B
20240227;100734;7455;1;9702687966;B
20240227;100734;7455;1;9702687967;B
20240227;100734;7455;3;9702687968;B
20240227;100734;7455;1;9702687969;B
20240227;100734;7455;1;9702687970;B
20240227;100737;7451.5;4;9702688683;S
20240227;100750;7455;98;9702690968;B
20240227;100750;7455;15;9702690969;B
20240227;100750;7455;2;9702690970;B
20240227;100750;7455;63;9702690971;B
20240227;100751;7455;10;9702691064;S
20240227;100751;7455;5;9702691065;S
20240227;100751;7454.5;10;9702691066;S
20240227;100751;7454.5;5;9702691067;S
20240227;100751;7454.5;2;9702691082;B
20240227;100752;7453;1;9702691264;S
20240227;100752;7452.5;6;9702691265;S
20240227;100752;7452.5;5;9702691266;S
20240227;100754;7452;2;9702691755;S
20240227;100755;7452.5;20;9702691956;B
20240227;100756;7452;1;9702692184;S
20240227;100758;7452;5;9702692432;S
20240227;100758;7451.5;5;9702692433;S
20240227;100758;7451.5;5;9702692434;S
20240227;100758;7451;85;9702692435;S
20240227;100803;7451;20;9702693231;S
20240227;100807;7452.5;1;9702694342;B
20240227;100810;7452;2;9702694818;S
20240227;100810;7451.5;1;9702694819;S
20240227;100810;7452.5;67;9702694831;B
20240227;100811;7453;4;9702694879;S
20240227;100813;7453;2;9702695318;S
20240227;100813;7452.5;5;9702695433;S
20240227;100816;7452.5;1;9702695929;S
20240227;100820;7452.5;27;9702696689;S
20240227;100820;7452.5;3;9702696690;S
20240227;100822;7452.5;2;9702697139;S
20240227;100822;7452.5;3;9702697140;S
20240227;100822;7454.5;3;9702697348;B
20240227;100823;7452.5;14;9702697560;S
20240227;100824;7452.5;10;9702697598;S
20240227;100828;7454.5;15;9702698598;B
20240227;100828;7455;5;9702698599;B
20240227;100828;7455;10;9702698600;B
20240227;100828;7455;5;9702698601;B
20240227;100829;7455;5;9702698747;S
20240227;100829;7455;18;9702698862;S
20240227;100830;7455.5;2;9702698969;B
20240227;100833;7455;1;9702699498;S
20240227;100834;7455;1;9702699544;S
20240227;100835;7453.5;5;9702699796;S
20240227;100835;7452.5;70;9702699797;S
20240227;100837;7452.5;99;9702700176;S
20240227;100837;7452.5;1;9702700177;S
20240227;100840;7452.5;21;9702700798;S
20240227;100845;7453.5;1;9702701596;B
20240227;100906;7451;22;9702705170;S
20240227;100908;7451.5;6;9702705567;B
20240227;100910;7451;13;9702705856;S
20240227;100910;7450;2;9702705857;S
20240227;100910;7450;2;9702705963;S
20240227;100912;7450;3;9702706362;S
20240227;100912;7450;3;9702706420;S
20240227;100912;7449;2;9702706421;S
20240227;100912;7449;10;9702706566;S
20240227;100913;7449;2;9702706596;S
20240227;100913;7449;5;9702706677;S
20240227;100913;7449;2;9702706719;S
20240227;100914;7449;129;9702706915;S
20240227;100914;7449;1;9702706916;S
20240227;100915;7448.5;8;9702707266;S
20240227;100915;7448.5;1;9702707374;S
20240227;100916;7448.5;1;9702707521;S
20240227;100917;7448.5;20;9702707809;S
20240227;100917;7448.5;22;9702707983;S
20240227;100918;7449;14;9702708225;B
20240227;100918;7449;20;9702708226;B
20240227;100918;7449;5;9702708227;B
20240227;100918;7451;18;9702708228;B
20240227;100918;7451.5;5;9702708229;B
20240227;100918;7452.5;200;9702708230;B
20240227;100918;7452.5;100;9702708231;B
20240227;100918;7453.5;2;9702708232;B
20240227;100918;7453.5;8;9702708233;S
20240227;100919;7453.5;128;9702708450;S
20240227;100919;7452;5;9702708451;S
20240227;100919;7450.5;5;9702708452;S
20240227;100919;7449.5;10;9702708453;S
20240227;100919;7449;20;9702708454;S
20240227;100919;7449;58;9702708455;S
20240227;100919;7449;13;9702708456;S
20240227;100919;7448.5;98;9702708457;S
20240227;100919;7448;88;9702708458;S
20240227;100922;7449;10;9702709002;S
20240227;100922;7448;30;9702709003;S
20240227;100924;7448;162;9702709292;S
20240227;100924;7448;140;9702709293;S
20240227;100924;7448;5;9702709294;S
20240227;100924;7447;2;9702709295;S
20240227;100924;7447;5;9702709296;S
20240227;100924;7446;5;9702709297;S
20240227;100924;7446.5;5;9702709356;S
20240227;100924;7446;15;9702709357;S
20240227;100935;7446;100;9702711407;S
20240227;100936;7446.5;7;9702711621;S
20240227;100938;7446.5;5;9702711972;S
20240227;100938;7446;20;9702711973;S
20240227;100938;7446;95;9702711974;S
20240227;100942;7446.5;4;9702712887;S
20240227;100945;7446.5;25;9702713474;S
20240227;100946;7446.5;1;9702713756;S
20240227;100946;7446;164;9702713757;S
20240227;100946;7446;1;9702713765;S
20240227;100947;7445;1;9702713865;S
20240227;100947;7445;33;9702713892;S
20240227;100947;7445;7;9702713893;S
20240227;100947;7445;39;9702713944;S
20240227;100947;7445;1;9702713945;S
20240227;100947;7449;1;9702713963;B
20240227;100949;7445;20;9702714320;S
20240227;100951;7445;2;9702714720;S
20240227;100955;7445.5;1;9702715821;B
20240227;100957;7445;200;9702716258;S
20240227;100957;7445.5;2;9702716401;B
20240227;100957;7445;25;9702716445;S
20240227;100958;7445.5;10;9702716635;B
20240227;100959;7445;25;9702716785;S
20240227;101000;7445;1;9702717074;S
20240227;101001;7445.5;24;9702717488;B
20240227;101001;7445;1;9702717515;S
20240227;101001;7445;1;9702717524;S
20240227;101004;7445.5;38;9702718077;B
20240227;101004;7445.5;2;9702718078;B
20240227;101005;7445;13;9702718252;S
20240227;101009;7445.5;3;9702719052;S
20240227;101010;7445;4;9702719317;S
20240227;101011;7445;1;9702719412;S
20240227;101011;7445;2;9702719551;S
20240227;101011;7445.5;2;9702719569;B
20240227;101011;7445.5;1;9702719570;B
20240227;101013;7445;5;9702720293;S
20240227;101013;7445;65;9702720294;S
20240227;101013;7445;1;9702720322;S
20240227;101013;7445;10;9702720457;S
20240227;101013;7445;2;9702720458;S
20240227;101013;7445;1;9702720492;S
20240227;101014;7445;1;9702720544;S
20240227;101016;7445;15;9702721168;S
20240227;101016;7445;5;9702721169;S
20240227;101016;7445;19;9702721170;S
20240227;101016;7445;10;9702721232;S
20240227;101018;7445;7;9702721561;S
20240227;101019;7445;9;9702721735;S
20240227;101019;7445;20;9702721736;S
20240227;101020;7445;1;9702721831;B
20240227;101020;7445.5;4;9702721832;B
20240227;101021;7445.5;1;9702722108;B
20240227;101027;7444.5;1;9702723326;S
20240227;101028;7444.5;19;9702723593;S
20240227;101028;7444;140;9702723594;S
20240227;101028;7444;3;9702723595;S
20240227;101028;7443.5;5;9702723596;S
20240227;101028;7443;20;9702723597;S
20240227;101028;7442;140;9702723598;S
20240227;101028;7441;30;9702723599;S
20240227;101028;7441;20;9702723600;S
20240227;101028;7441;10;9702723601;S
20240227;101028;7440;140;9702723602;S
20240227;101028;7440;1;9702723603;S
20240227;101028;7439;6;9702723604;S
20240227;101029;7439.5;7;9702723760;S
20240227;101033;7439.5;13;9702724547;S
20240227;101033;7439;14;9702724548;S
20240227;101034;7439.5;20;9702724691;S
20240227;101034;7439;10;9702724692;S
20240227;101035;7439;20;9702724807;S
20240227;101035;7438.5;5;9702724808;S
20240227;101035;7438.5;2;9702724809;S
20240227;101035;7438;73;9702724810;S
20240227;101036;7438.5;20;9702725051;S
20240227;101036;7438.5;2;9702725052;S
20240227;101036;7438;128;9702725053;S
20240227;101039;7439;1;9702725675;S
20240227;101039;7439;14;9702725714;S
20240227;101039;7439;15;9702725772;S
20240227;101039;7438;4;9702725773;S
20240227;101042;7439.5;9;9702726449;B
20240227;101043;7439.5;12;9702726604;B
20240227;101043;7440;10;9702726605;B
20240227;101043;7442;5;9702726606;B
20240227;101043;7442;5;9702726607;B
20240227;101043;7442;10;9702726608;B
20240227;101043;7442.5;2;9702726609;B
20240227;101043;7444.5;6;9702726610;B
20240227;101045;7438.5;1;9702726816;S
20240227;101045;7443.5;1;9702727023;B
20240227;101047;7439;3;9702727288;S
20240227;101051;7439;3;9702727858;S
20240227;101052;7439;3;9702727984;S
20240227;101052;7438.5;4;9702727985;S
20240227;101052;7438.5;8;9702727986;S
20240227;101052;7443;1;9702727995;B
20240227;101052;7443;5;9702727996;B
20240227;101052;7443.5;10;9702727997;B
20240227;101052;7444;5;9702727998;B
20240227;101052;7444.5;15;9702727999;B
20240227;101052;7445;14;9702728000;B
20240227;101058;7440.5;8;9702728879;S
20240227;101058;7440;5;9702728880;S
20240227;101058;7440;5;9702728881;S
20240227;101058;7439;14;9702728882;S
20240227;101058;7439;7;9702728883;S
20240227;101058;7438.5;12;9702728884;S
20240227;101058;7438.5;10;9702728885;S
20240227;101058;7438.5;1;9702728886;S
20240227;101058;7438.5;16;9702728887;S
20240227;101058;7438;22;9702728888;S
20240227;101059;7438;100;9702729068;S
20240227;101059;7438.5;1;9702729139;S
20240227;101059;7438.5;4;9702729195;S
20240227;101059;7438;1;9702729196;S
20240227;101100;7438;22;9702729251;S
20240227;101100;7438;78;9702729252;S
20240227;101103;7441.5;26;9702729585;B
20240227;101103;7442;19;9702729586;B
20240227;101103;7442;5;9702729587;B
20240227;101106;7438;62;9702730187;S
20240227;101106;7438;2;9702730188;S
20240227;101106;7437.5;5;9702730189;S
20240227;101106;7436.5;2;9702730190;S
20240227;101106;7436;59;9702730191;S
20240227;101107;7436;1;9702730488;S
20240227;101111;7441;7;9702731310;B
20240227;101112;7437.5;13;9702731364;S
20240227;101112;7437;21;9702731365;S
20240227;101112;7436.5;5;9702731366;S
20240227;101112;7436;40;9702731367;S
20240227;101112;7436;21;9702731368;S
20240227;101112;7439.5;2;9702731420;B
20240227;101112;7441;48;9702731421;B
20240227;101114;7436.5;5;9702731842;S
20240227;101114;7436.5;55;9702731843;S
20240227;101114;7436;81;9702731844;S
20240227;101114;7436;140;9702731845;S
20240227;101116;7440.5;2;9702732105;B
20240227;101119;7440.5;10;9702732553;B
20240227;101119;7441;20;9702732554;B
20240227;101121;7440.5;10;9702732958;B
20240227;101121;7441.5;26;9702732959;B
20240227;101124;7442;1;9702733506;B
20240227;101124;7443.5;17;9702733507;B
20240227;101133;7444;2;9702734879;B
20240227;101137;7443.5;1;9702735241;S
20240227;101140;7443.5;5;9702735741;S
20240227;101142;7444;3;9702735967;B
20240227;101142;7444;1;9702735968;B
20240227;101142;7444;3;9702735969;B
20240227;101142;7444;17;9702735971;B
20240227;101142;7443.5;5;9702736001;S
20240227;101142;7444;6;9702736075;B
20240227;101142;7444;8;9702736076;B
20240227;101142;7444.5;20;9702736077;B
20240227;101142;7444.5;5;9702736078;B
20240227;101142;7445;5;9702736079;B
20240227;101142;7445;1;9702736080;B
20240227;101142;7445.5;5;9702736081;B
20240227;101146;7444.5;5;9702736543;B
20240227;101153;7444;1;9702737537;B
20240227;101153;7444;1;9702737538;B
20240227;101153;7444;25;9702737575;B
20240227;101153;7444;20;9702737576;B
20240227;101153;7444;5;9702737577;B
20240227;101153;7443.5;4;9702737593;S
20240227;101202;7443.5;1;9702738745;B
20240227;101203;7440;1;9702738870;S
20240227;101203;7440;3;9702738871;S
20240227;101203;7439.5;4;9702738872;S
20240227;101203;7439.5;7;9702738873;S
20240227;101203;7443;11;9702738878;B
20240227;101203;7443.5;16;9702738879;B
20240227;101207;7443.5;29;9702739518;B
20240227;101207;7443.5;20;9702739519;B
20240227;101207;7443.5;1;9702739520;B
20240227;101209;7444;4;9702739677;B
20240227;101209;7444;2;9702739678;B
20240227;101209;7444.5;58;9702739679;B
20240227;101209;7444.5;20;9702739680;B
20240227;101209;7445;40;9702739681;B
20240227;101209;7445;5;9702739682;B
20240227;101209;7445;3;9702739683;B
20240227;101209;7445.5;11;9702739684;B
20240227;101209;7445.5;100;9702739685;B
20240227;101209;7445.5;20;9702739686;B
20240227;101209;7445.5;26;9702739687;B
20240227;101209;7445.5;6;9702739688;S
20240227;101209;7445.5;10;9702739689;S
20240227;101209;7446;18;9702739768;B
20240227;101209;7445.5;2;9702739779;S
20240227;101210;7445.5;82;9702739844;S
20240227;101210;7445.5;41;9702739845;S
20240227;101210;7443;2;9702739846;S
20240227;101210;7443.5;10;9702739848;B
20240227;101210;7443.5;2;9702739849;B
20240227;101210;7443.5;10;9702739851;B
20240227;101210;7443.5;2;9702739852;B
20240227;101210;7443.5;10;9702739853;B
20240227;101210;7443.5;2;9702739854;B
20240227;101210;7443.5;10;9702739855;B
20240227;101210;7443.5;2;9702739856;B
20240227;101210;7443.5;10;9702739857;B
20240227;101215;7445.5;9;9702740568;S
20240227;101219;7443;7;9702741093;B
20240227;101223;7445.5;1;9702741825;B
20240227;101225;7446;10;9702742153;B
20240227;101227;7446;10;9702742462;B
20240227;101227;7446;11;9702742502;B
20240227;101228;7446;1;9702742576;B
20240227;101228;7446.5;26;9702742577;B
20240227;101228;7447;10;9702742578;B
20240227;101228;7448;5;9702742579;B
20240227;101228;7448;1;9702742580;B
20240227;101228;7448.5;57;9702742581;B
20240227;101228;7448;15;9702742611;B
20240227;101230;7447.5;9;9702742821;B
20240227;101230;7448.5;21;9702742822;B
20240227;101232;7448.5;22;9702743127;B
20240227;101232;7449.5;10;9702743128;B
20240227;101232;7450;1;9702743129;B
20240227;101232;7450;100;9702743130;B
20240227;101232;7450;1;9702743131;B
20240227;101232;7450;20;9702743132;B
20240227;101232;7450;20;9702743133;B
20240227;101232;7450;17;9702743134;B
20240227;101232;7450;5;9702743135;B
20240227;101232;7450.5;3;9702743136;B
20240227;101232;7450.5;26;9702743137;B
20240227;101232;7451;50;9702743138;B
20240227;101232;7451;20;9702743139;B
20240227;101232;7451.5;5;9702743244;B
20240227;101232;7451.5;8;9702743245;B
20240227;101232;7451.5;2;9702743247;B
20240227;101232;7451;2;9702743254;S
20240227;101233;7451;92;9702743360;S
20240227;101233;7451;3;9702743361;S
20240227;101235;7447;25;9702743597;S
20240227;101235;7449;1;9702743778;B
20240227;101238;7447.5;1;9702744153;S
20240227;101238;7447.5;3;9702744154;S
20240227;101238;7447;41;9702744155;S
20240227;101238;7446.5;155;9702744156;S
20240227;101246;7449;4;9702745429;B
20240227;101248;7449;1;9702745832;B
20240227;101248;7449.5;3;9702745833;B
20240227;101253;7449.5;2;9702746529;B
20240227;101256;7450;200;9702746871;B
20240227;101256;7450;2;9702746916;B
20240227;101257;7449;12;9702747047;S
20240227;101257;7448.5;5;9702747048;S
20240227;101257;7448;25;9702747049;S
20240227;101257;7447;1;9702747050;S
20240227;101257;7447;41;9702747051;S
20240227;101257;7446.5;16;9702747052;S
20240227;101259;7450;20;9702747401;B
20240227;101302;7449;7;9702748046;B
20240227;101305;7449;3;9702748612;B
20240227;101305;7449;5;9702748613;B
20240227;101305;7450;1;9702748614;B
20240227;101308;7449;1;9702749025;S
20240227;101309;7449.5;1;9702749187;B
20240227;101310;7449.5;4;9702749367;B
20240227;101310;7449.5;3;9702749368;B
20240227;101310;7449.5;5;9702749369;B
20240227;101310;7450;88;9702749370;B
20240227;101315;7449.5;5;9702750235;B
20240227;101320;7449.5;45;9702751220;S
20240227;101320;7449;6;9702751235;S
20240227;101320;7448;7;9702751236;S
20240227;101320;7448;12;9702751237;S
20240227;101320;7449;2;9702751255;B
20240227;101323;7448.5;5;9702751787;B
20240227;101323;7449.5;55;9702751788;B
20240227;101323;7450;194;9702751789;B
20240227;101323;7450;346;9702751790;B
20240227;101328;7449;1;9702752766;B
20240227;101328;7448;5;9702752862;S
20240227;101331;7449;1;9702753318;B
20240227;101333;7449;1;9702753574;B
20240227;101333;7450;74;9702753575;B
20240227;101337;7449.5;1;9702754148;B
20240227;101349;7449.5;9;9702755691;B
20240227;101349;7449.5;5;9702755692;B
20240227;101349;7449.5;20;9702755693;B
20240227;101349;7449.5;5;9702755694;B
20240227;101351;7449.5;5;9702755881;S
20240227;101355;7450;8;9702756456;B
20240227;101357;7450;67;9702756768;B
20240227;101357;7450;7;9702756769;B
20240227;101357;7450;10;9702756770;B
20240227;101357;7450;1;9702756771;B
20240227;101357;7450;47;9702756772;B
20240227;101357;7450;168;9702756773;B
20240227;101404;7450;26;9702757654;B
20240227;101404;7450;26;9702757655;B
20240227;101405;7449.5;5;9702757740;S
20240227;101407;7449.5;45;9702758028;B
20240227;101407;7449.5;20;9702758029;B
20240227;101407;7449.5;34;9702758030;B
20240227;101407;7450;201;9702758031;B
20240227;101413;7450;1;9702758888;B
20240227;101419;7447.5;3;9702759912;S
20240227;101419;7449;3;9702759945;B
20240227;101419;7450;1;9702759946;B
20240227;101420;7447.5;10;9702760046;S
20240227;101435;7447.5;10;9702762396;B
20240227;101436;7447.5;23;9702762531;B
20240227;101445;7447.5;5;9702763975;B
20240227;101449;7447;15;9702764662;S
20240227;101449;7446.5;829;9702764663;S
20240227;101449;7446.5;10;9702764664;S
20240227;101449;7445.5;14;9702764665;S
20240227;101449;7444;20;9702764666;S
20240227;101449;7443.5;1;9702764667;S
20240227;101449;7443.5;5;9702764668;S
20240227;101449;7442;20;9702764669;S
20240227;101449;7442;5;9702764670;S
20240227;101449;7441.5;20;9702764671;S
20240227;101449;7441.5;100;9702764672;S
20240227;101449;7441;26;9702764673;S
20240227;101449;7440.5;40;9702764674;S
20240227;101449;7440;2;9702764675;S
20240227;101449;7440;20;9702764676;S
20240227;101449;7440;10;9702764677;S
20240227;101449;7439.5;20;9702764678;S
20240227;101449;7438.5;30;9702764679;S
20240227;101449;7438;41;9702764680;S
20240227;101449;7437.5;40;9702764681;S
20240227;101449;7437.5;10;9702764682;S
20240227;101449;7437.5;20;9702764683;S
20240227;101449;7436.5;30;9702764684;S
20240227;101449;7436.5;10;9702764685;S
20240227;101449;7436;3;9702764686;S
20240227;101449;7436;9;9702764687;S
20240227;101449;7436;20;9702764688;S
20240227;101449;7435;2;9702764689;S
20240227;101449;7435;6;9702764690;S
20240227;101449;7435;10;9702764691;S
20240227;101449;7434.5;20;9702764692;S
20240227;101449;7434.5;58;9702764693;S
20240227;101449;7434;140;9702764694;S
20240227;101449;7433;20;9702764695;S
20240227;101449;7432.5;40;9702764696;S
20240227;101449;7432;2;9702764697;S
20240227;101449;7432;5;9702764698;S
20240227;101449;7432;140;9702764699;S
20240227;101449;7431.5;20;9702764700;S
20240227;101449;7431;10;9702764701;S
20240227;101449;7431;5;9702764702;S
20240227;101449;7430;26;9702764703;S
20240227;101449;7430;140;9702764704;S
20240227;101449;7430;18;9702764705;S
20240227;101449;7430;20;9702764706;S
20240227;101449;7430;10;9702764707;S
20240227;101449;7430;15;9702764708;S
20240227;101449;7430;2;9702764709;S
20240227;101449;7430;200;9702764710;S
20240227;101449;7427;5;9702764711;S
20240227;101449;7425.5;3;9702764712;S
20240227;101449;7425;20;9702764713;S
20240227;101449;7424;200;9702764714;S
20240227;101449;7423.5;2;9702764715;S
20240227;101449;7422.5;3;9702764716;S
20240227;101449;7421.5;33;9702764717;S
20240227;101449;7420;1;9702764718;S
20240227;101449;7420;1;9702764719;S
20240227;101449;7420;200;9702764720;S
20240227;101449;7420;24;9702764721;B
20240227;101449;7420;493;9702764722;B
20240227;101449;7420;168;9702764723;B
20240227;101449;7420;5;9702764724;B
20240227;101449;7422.5;3;9702764725;B
20240227;101449;7437.5;20;9702764726;B
20240227;101449;7439;1;9702764727;S
20240227;101449;7439;2;9702764728;S
20240227;101449;7439;7;9702764729;S
20240227;101449;7439;16;9702764730;S
20240227;101449;7429;20;9702764732;S
20240227;101449;7432;15;9702764733;B
20240227;101449;7432;5;9702764734;B
20240227;101449;7432;5;9702764736;S
20240227;101449;7432;10;9702764737;S
20240227;101449;7430.5;10;9702764739;B
20240227;101449;7430.5;30;9702764741;B
20240227;101449;7432.5;10;9702764742;B
20240227;101449;7433.5;20;9702764743;B
20240227;101449;7428;10;9702764744;S
20240227;101449;7427.5;8;9702764745;S
20240227;101449;7433.5;15;9702764746;B
20240227;101449;7434;8;9702764747;S
20240227;101449;7432;8;9702764748;S
20240227;101449;7434;15;9702764749;B
20240227;101449;7433.5;1;9702764750;B
20240227;101449;7434;5;9702764751;B
20240227;101449;7435;9;9702764752;B
20240227;101449;7428;5;9702764755;B
20240227;101449;7428;15;9702764756;B
20240227;101449;7433.5;10;9702764758;S
20240227;101449;7434;10;9702764760;S
20240227;101449;7433.5;5;9702764761;S
20240227;101449;7433.5;10;9702764762;S
20240227;101449;7433.5;15;9702764763;S
20240227;101449;7433.5;5;9702764764;S
20240227;101449;7433;10;9702764765;S
20240227;101449;7432.5;10;9702764766;S
20240227;101449;7427;9;9702764767;S
20240227;101449;7426.5;5;9702764768;S
20240227;101449;7426.5;90;9702764769;S
20240227;101449;7426.5;2;9702764770;S
20240227;101449;7434;10;9702764773;B
20240227;101449;7433.5;10;9702764774;B
20240227;101449;7432.5;5;9702764775;B
20240227;101449;7433.5;10;9702764776;B
20240227;101449;7433.5;15;9702764777;B
20240227;101449;7433.5;2;9702764778;B
20240227;101449;7432.5;5;9702764779;B
20240227;101449;7433.5;25;9702764780;B
20240227;101449;7433.5;2;9702764781;B
20240227;101449;7433.5;20;9702764782;B
20240227;101449;7433.5;10;9702764783;B
20240227;101449;7433.5;2;9702764784;B
20240227;101449;7433.5;30;9702764785;B
20240227;101449;7433.5;2;9702764786;B
20240227;101449;7433.5;7;9702764787;B
20240227;101449;7433.5;23;9702764788;B
20240227;101449;7434;2;9702764789;S
20240227;101449;7434;2;9702764790;S
20240227;101449;7428;20;9702764791;S
20240227;101449;7427.5;5;9702764792;S
20240227;101449;7427.5;21;9702764793;S
20240227;101449;7428;1;9702764794;S
20240227;101449;7435;2;9702764795;B
20240227;101449;7435.5;20;9702764796;B
20240227;101449;7435.5;12;9702764797;B
20240227;101449;7435.5;6;9702764798;B
20240227;101449;7434.5;40;9702764799;B
20240227;101450;7430;20;9702764825;S
20240227;101450;7430;13;9702764842;S
20240227;101450;7434;3;9702764916;B
20240227;101451;7431.5;15;9702764954;S
20240227;101452;7430;10;9702765064;S
20240227;101452;7430;15;9702765065;B
20240227;101453;7432.5;4;9702765259;B
20240227;101453;7432.5;1;9702765273;B
20240227;101501;7433;1;9702766361;B
20240227;101501;7433;4;9702766380;B
20240227;101501;7433;3;9702766381;B
20240227;101501;7433.5;8;9702766382;B
20240227;101501;7433.5;200;9702766383;B
20240227;101501;7434;20;9702766384;B
20240227;101501;7434;65;9702766385;B
20240227;101501;7435.5;1;9702766391;B
20240227;101501;7433.5;1;9702766515;S
20240227;101522;7438.5;4;9702771463;B
20240227;101522;7443;5;9702771544;B
20240227;101522;7443.5;10;9702771545;B
20240227;101523;7443.5;6;9702771650;B
20240227;101524;7439.5;12;9702771989;S
20240227;101526;7444;2;9702772378;B
20240227;101527;7439.5;2;9702772484;S
20240227;101535;7439.5;33;9702774016;S
20240227;101535;7439.5;41;9702774017;S
20240227;101535;7439;6;9702774018;S
20240227;101535;7439;3;9702774019;S
20240227;101535;7438.5;5;9702774020;S
20240227;101535;7438.5;20;9702774021;S
20240227;101535;7438;5;9702774022;S
20240227;101535;7438;20;9702774023;S
20240227;101535;7436.5;7;9702774024;S
20240227;101537;7437;41;9702774422;S
20240227;101537;7436.5;13;9702774423;S
20240227;101537;7436;10;9702774424;S
20240227;101537;7436;6;9702774425;S
20240227;101537;7435.5;26;9702774426;S
20240227;101537;7435.5;5;9702774427;S
20240227;101537;7435.5;20;9702774428;S
20240227;101537;7435;20;9702774429;S
20240227;101537;7434;3;9702774430;S
20240227;101537;7434;39;9702774431;S
20240227;101537;7433.5;1;9702774432;S
20240227;101537;7433.5;100;9702774433;S
20240227;101537;7433.5;5;9702774434;S
20240227;101537;7432.5;10;9702774435;S
20240227;101537;7432.5;1;9702774436;S
20240227;101537;7432;300;9702774437;S
20240227;101537;7432;20;9702774438;S
20240227;101537;7431;10;9702774439;S
20240227;101537;7431;40;9702774440;S
20240227;101537;7430.5;20;9702774441;S
20240227;101537;7430;1;9702774442;S
20240227;101537;7429;20;9702774443;S
20240227;101537;7428;2;9702774444;S
20240227;101537;7428;40;9702774445;S
20240227;101537;7428;281;9702774446;S
20240227;101538;7431;15;9702774589;S
20240227;101544;7434.5;5;9702775636;B
20240227;101544;7435.5;25;9702775637;B
20240227;101545;7430.5;1;9702775846;S
20240227;101549;7435;5;9702776752;B
20240227;101549;7436;2;9702776753;B
20240227;101553;7437;1;9702777829;B
20240227;101555;7433;2;9702778225;S
20240227;101555;7432.5;39;9702778226;S
20240227;101558;7437;5;9702778803;B
20240227;101558;7437;1;9702778804;B
20240227;101602;7433;1;9702779532;S
20240227;101602;7432.5;41;9702779533;S
20240227;101602;7432.5;27;9702779534;S
20240227;101611;7433;5;9702781138;S
20240227;101611;7432.5;2;9702781139;S
20240227;101611;7432.5;10;9702781140;S
20240227;101616;7437;1;9702781853;B
20240227;101618;7437.5;20;9702782361;B
20240227;101618;7437.5;5;9702782362;B
20240227;101618;7438.5;20;9702782363;B
20240227;101618;7438.5;58;9702782364;B
20240227;101618;7439;10;9702782365;B
20240227;101618;7439.5;20;9702782366;B
20240227;101618;7440;20;9702782367;B
20240227;101618;7440;100;9702782368;B
20240227;101618;7440.5;47;9702782369;B
20240227;101619;7441.5;1;9702782482;B
20240227;101622;7439;1;9702782851;B
20240227;101625;7442;1;9702783253;B
20240227;101629;7443.5;1;9702783707;B
20240227;101630;7440;1;9702783931;S
20240227;101630;7440;1;9702783932;S
20240227;101631;7443;1;9702784113;B
20240227;101634;7443.5;1;9702784547;B
20240227;101639;7443.5;1;9702784992;B
20240227;101645;7443.5;18;9702785894;B
20240227;101645;7444;31;9702785895;B
20240227;101645;7444;1;9702785896;B
20240227;101645;7444;1;9702785897;B
20240227;101645;7444;20;9702785898;B
20240227;101645;7445;2;9702785899;B
20240227;101645;7445;4;9702785900;B
20240227;101645;7445.5;20;9702785901;B
20240227;101645;7445.5;3;9702785902;B
20240227;101659;7446.5;2;9702787672;B
20240227;101714;7446;1;9702789668;B
20240227;101715;7446.5;1;9702789768;B
20240227;101726;7447;1;9702791179;B
20240227;101734;7447;18;9702792110;B
20240227;101736;7447;1;9702792274;B
20240227;101743;7447;3;9702793321;B
20240227;101744;7447;2;9702793507;B
20240227;101744;7447;1;9702793508;B
20240227;101744;7446.5;1;9702793534;S
20240227;101806;7441.5;3;9702796029;S
20240227;101806;7441;1;9702796030;S
20240227;101806;7441;18;9702796031;S
20240227;101807;7445;20;9702796197;B
20240227;101811;7441;3;9702796791;S
20240227;101811;7441;7;9702796792;S
20240227;101813;7445;10;9702797073;B
20240227;101813;7445;1;9702797074;B
20240227;101813;7445;9;9702797075;B
20240227;101819;7446.5;3;9702797708;B
20240227;101819;7442.5;1;9702797717;S
20240227;101819;7442.5;9;9702797718;S
20240227;101824;7446;1;9702798254;B
20240227;101824;7446;2;9702798255;B
20240227;101824;7446.5;17;9702798256;B
20240227;101824;7447;10;9702798257;B
20240227;101824;7447;1;9702798258;B
20240227;101824;7447.5;19;9702798259;B
20240227;101827;7445;1;9702798560;B
20240227;101827;7442;1;9702798568;S
20240227;101832;7445;9;9702799070;B
20240227;101832;7445.5;2;9702799071;B
20240227;101832;7446;13;9702799072;B
20240227;101832;7446.5;20;9702799073;B
20240227;101832;7447.5;6;9702799074;B
20240227;101840;7447.5;10;9702799842;B
20240227;101840;7448;9;9702799843;B
20240227;101840;7448;10;9702799844;B
20240227;101840;7448.5;1;9702799845;B
20240227;101840;7449;20;9702799846;B
20240227;101847;7449.5;50;9702800604;B
20240227;101849;7446.5;13;9702800715;S
20240227;101856;7448.5;20;9702801410;B
20240227;101856;7449;30;9702801411;B
20240227;101900;7444;2;9702801912;S
20240227;101900;7444;23;9702801913;S
20240227;101912;7443;3;9702803044;S
20240227;101912;7443;47;9702803045;S
20240227;101912;7443;2;9702803127;B
20240227;101915;7446.5;1;9702803460;B
20240227;101916;7443;1;9702803564;S
20240227;101932;7445;4;9702805046;B
20240227;101932;7445;1;9702805081;B
20240227;101936;7445;5;9702805500;B
20240227;101936;7448;1;9702805501;B
20240227;101936;7448;14;9702805502;B
20240227;101944;7445.5;1;9702806318;S
20240227;101944;7445;4;9702806319;S
20240227;101944;7444.5;3;9702806320;S
20240227;101944;7444;4;9702806321;S
20240227;101956;7447.5;1;9702807722;B
20240227;101956;7444;1;9702807736;S
20240227;101956;7444;1;9702807737;S
20240227;101956;7443.5;3;9702807738;S
20240227;102047;7445;1;9702825233;B
20240227;102047;7445;1;9702825234;B
20240227;102056;7445;1;9702827881;B
20240227;102056;7445;1;9702827882;B
20240227;102056;7445;1;9702827883;B
20240227;102056;7445;1;9702827884;B
20240227;102056;7445;20;9702827885;B
20240227;102100;7445.5;1;9702829515;B
20240227;102101;7447.5;1;9702829607;B
20240227;102101;7448;1;9702829608;B
20240227;102112;7445.5;1;9702833663;S
20240227;102118;7445.5;1;9702835123;S
20240227;102123;7448;1;9702836506;B
20240227;102123;7449;20;9702836507;B
20240227;102123;7449;1;9702836508;B
20240227;102123;7449.5;28;9702836509;B
20240227;102137;7447;1;9702841292;S
20240227;102137;7446.5;1;9702841293;S
20240227;102137;7446;1;9702841294;S
20240227;102139;7448;1;9702842100;B
20240227;102139;7448.5;1;9702842101;B
20240227;102143;7449;2;9702843245;B
20240227;102143;7449;1;9702843246;B
20240227;102143;7449.5;3;9702843247;B
20240227;102144;7446;1;9702843575;S
20240227;102201;7446;1;9702848805;S
20240227;102216;7447.5;10;9702854633;B
20240227;102218;7446.5;1;9702854805;S
20240227;102219;7448;1;9702855181;B
20240227;102220;7446.5;4;9702855421;S
20240227;102220;7446.5;2;9702855422;S
20240227;102220;7446;2;9702855423;S
20240227;102220;7445.5;7;9702855424;S
20240227;102232;7448;1;9702861351;B
20240227;102235;7446;1;9702862793;S
20240227;102235;7446;1;9702862794;S
20240227;102235;7446;2;9702862795;S
20240227;102235;7445.5;1;9702862796;S
20240227;102235;7445;5;9702862797;S
20240227;102235;7444.5;1;9702862798;S
20240227;102235;7444.5;24;9702862799;S
20240227;102241;7444.5;3;9702864108;S
20240227;102241;7444;2;9702864109;S
20240227;102241;7444;1;9702864110;S
20240227;102241;7444;1;9702864111;S
20240227;102241;7444;1;9702864112;S
20240227;102241;7444;1;9702864113;S
20240227;102241;7444;1;9702864114;S
20240227;102258;7444;1;9702870558;S
20240227;102258;7444;9;9702870559;S
20240227;102258;7444;1;9702870560;S
20240227;102258;7444;1;9702870561;S
20240227;102258;7444;1;9702870562;S
20240227;102258;7444;2;9702870563;S
20240227;102316;7444;5;9702876372;S
20240227;102316;7444;1;9702876462;S
20240227;102318;7447;2;9702877146;B
20240227;102326;7444;12;9702879211;S
20240227;102326;7444;1;9702879212;S
20240227;102326;7444;1;9702879213;S
20240227;102326;7444;2;9702879214;S
20240227;102327;7447;1;9702879361;B
20240227;102327;7447;1;9702879362;B
20240227;102327;7447;41;9702879363;B
20240227;102327;7447.5;1;9702879364;B
20240227;102327;7447.5;14;9702879365;B
20240227;102327;7448;2;9702879366;B
20240227;102327;7448;1;9702879367;B
20240227;102327;7448;50;9702879368;B
20240227;102327;7448;1;9702879369;B
20240227;102327;7448;10;9702879370;B
20240227;102327;7448.5;10;9702879371;B
20240227;102327;7448.5;100;9702879372;B
20240227;102327;7449;1;9702879373;B
20240227;102327;7449;100;9702879374;B
20240227;102327;7449;20;9702879375;B
20240227;102327;7449;20;9702879376;B
20240227;102327;7449.5;11;9702879377;B
20240227;102327;7449.5;30;9702879378;B
20240227;102327;7449.5;1;9702879379;B
20240227;102327;7449.5;5;9702879380;B
20240227;102327;7449.5;1;9702879381;B
20240227;102327;7449.5;30;9702879382;B
20240227;102327;7449.5;10;9702879383;B
20240227;102327;7450;473;9702879384;B
20240227;102327;7450;500;9702879385;B
20240227;102327;7450;10;9702879386;B
20240227;102327;7450;1;9702879387;B
20240227;102327;7450;1;9702879388;B
20240227;102327;7450;15;9702879389;B
20240227;102327;7450;3;9702879390;B
20240227;102327;7450;1;9702879391;B
20240227;102327;7450;1;9702879392;B
20240227;102327;7450;1;9702879393;B
20240227;102327;7450;10;9702879394;B
20240227;102327;7450;1;9702879395;B
20240227;102327;7450;5;9702879396;B
20240227;102327;7450;5;9702879397;B
20240227;102327;7450;1;9702879398;B
20240227;102327;7450;128;9702879399;B
20240227;102327;7450;1;9702879400;B
20240227;102327;7450;8;9702879401;S
20240227;102327;7450.5;2;9702880067;B
20240227;102327;7451;10;9702880068;B
20240227;102327;7451.5;35;9702880069;B
20240227;102327;7452;1;9702880070;B
20240227;102327;7452;4;9702880071;B
20240227;102327;7452;18;9702880072;B
20240227;102327;7452;10;9702880073;B
20240227;102327;7452;2;9702880074;B
20240227;102327;7452;1;9702880075;B
20240227;102327;7452;5;9702880076;B
20240227;102327;7453.5;1;9702880078;B
20240227;102328;7453.5;1;9702880112;B
20240227;102328;7454;46;9702880113;B
20240227;102328;7454;1;9702880126;B
20240227;102328;7454;3;9702880167;B
20240227;102328;7454.5;17;9702880168;B
20240227;102328;7454.5;3;9702880199;B
20240227;102329;7453.5;1;9702880746;S
20240227;102329;7454.5;1;9702881174;B
20240227;102331;7454.5;4;9702881623;B
20240227;102331;7454.5;2;9702881624;B
20240227;102331;7455;2;9702881625;B
20240227;102331;7455;1;9702881626;B
20240227;102331;7455;10;9702881627;B
20240227;102331;7455;1;9702881693;B
20240227;102331;7455;9;9702881694;B
20240227;102331;7455;30;9702881695;B
20240227;102332;7453;1;9702881763;S
20240227;102332;7453;1;9702881764;S
20240227;102332;7453;1;9702881765;S
20240227;102332;7452.5;1;9702881766;S
20240227;102332;7452.5;4;9702881767;S
20240227;102332;7451.5;2;9702881768;S
20240227;102332;7451.5;3;9702881769;S
20240227;102340;7452.5;2;9702883809;S
20240227;102340;7454;1;9702883813;B
20240227;102340;7454.5;41;9702883865;B
20240227;102340;7455;119;9702883866;B
20240227;102340;7454.5;9;9702883900;B
20240227;102340;7454.5;2;9702883908;B
20240227;102342;7455;351;9702884806;B
20240227;102342;7455;1;9702884807;B
20240227;102342;7455;1;9702884808;B
20240227;102342;7455;1;9702884809;B
20240227;102342;7455;1;9702884810;B
20240227;102342;7455;5;9702884811;B
20240227;102342;7455;4;9702884812;B
20240227;102342;7455.5;1;9702884813;B
20240227;102342;7455.5;4;9702884814;B
20240227;102342;7456;1;9702884815;B
20240227;102342;7456;10;9702884816;B
20240227;102342;7456;20;9702884817;B
20240227;102342;7456.5;2;9702885352;B
20240227;102342;7457;1;9702885353;B
20240227;102342;7457;1;9702885354;B
20240227;102342;7457;3;9702885355;B
20240227;102342;7457;1;9702885356;B
20240227;102342;7457;10;9702885357;B
20240227;102342;7457.5;40;9702885358;B
20240227;102342;7458;5;9702885359;B
20240227;102342;7458;1;9702885360;B
20240227;102342;7458;3;9702885361;B
20240227;102342;7459;50;9702885362;B
20240227;102342;7459;15;9702885363;B
20240227;102342;7459;1;9702885364;B
20240227;102342;7459;3;9702885365;B
20240227;102342;7459;115;9702885366;B
20240227;102342;7459.5;41;9702885367;B
20240227;102342;7460;10;9702885368;B
20240227;102342;7460;2;9702885369;B
20240227;102342;7460;1;9702885370;B
20240227;102342;7460;8;9702885371;B
20240227;102342;7460;1;9702885372;B
20240227;102342;7460;10;9702885373;B
20240227;102342;7460;1;9702885374;B
20240227;102342;7460;75;9702885375;B
20240227;102342;7458.5;2;9702885376;B
20240227;102343;7459.5;2;9702885426;B
20240227;102343;7459;1;9702885455;S
20240227;102343;7459.5;5;9702885473;B
20240227;102343;7460;25;9702885474;B
20240227;102343;7460;10;9702885475;B
20240227;102343;7460;5;9702885476;B
20240227;102343;7460;5;9702885490;B
20240227;102347;7460;2;9702886815;B
20240227;102348;7460;2;9702886871;B
20240227;102348;7460;1;9702886872;B
20240227;102350;7459.5;10;9702887779;S
20240227;102350;7459.5;3;9702887780;S
20240227;102350;7459.5;2;9702887781;S
20240227;102350;7459;4;9702887782;S
20240227;102350;7458;5;9702887783;S
20240227;102350;7458;20;9702887784;S
20240227;102350;7457;1;9702887785;S
20240227;102350;7457;55;9702887786;S
20240227;102350;7460;1;9702887787;B
20240227;102357;7459.5;1;9702889584;S
20240227;102357;7459.5;20;9702889585;S
20240227;102357;7460;1;9702889608;B
20240227;102357;7459.5;5;9702889644;S
20240227;102400;7460;3;9702890840;B
20240227;102400;7460;3;9702890841;B
20240227;102400;7460;2;9702890842;B
20240227;102400;7460;1;9702890843;B
20240227;102400;7460.5;100;9702890844;B
20240227;102400;7461;1;9702890845;B
20240227;102400;7462;5;9702890846;B
20240227;102400;7462;16;9702890847;B
20240227;102400;7462;5;9702890848;B
20240227;102400;7463;4;9702890849;B
20240227;102400;7463.5;41;9702890850;B
20240227;102400;7464;2;9702890851;B
20240227;102400;7464;10;9702890852;B
20240227;102400;7464;20;9702890853;B
20240227;102400;7464;5;9702890854;B
20240227;102400;7464;10;9702890855;B
20240227;102400;7464.5;30;9702890856;B
20240227;102400;7464.5;1;9702890857;B
20240227;102400;7464.5;50;9702890858;B
20240227;102400;7464.5;100;9702890859;B
20240227;102400;7464.5;26;9702890860;B
20240227;102400;7465;1;9702890861;B
20240227;102400;7465;10;9702890862;B
20240227;102400;7465;3;9702890863;B
20240227;102400;7465;30;9702890864;B
20240227;102400;7465;34;9702890865;B
20240227;102400;7464;41;9702891171;B
20240227;102400;7464.5;6;9702891172;B
20240227;102400;7464.5;5;9702891173;B
20240227;102400;7465;48;9702891174;B
20240227;102401;7464.5;41;9702891539;B
20240227;102401;7465;99;9702891540;B
20240227;102401;7465;14;9702891552;B
20240227;102401;7465;15;9702891553;B
20240227;102401;7465;7;9702891554;B
20240227;102401;7465;7;9702891555;B
20240227;102402;7465;75;9702891839;B
20240227;102403;7465;30;9702892086;B
20240227;102407;7464.5;1;9702893460;S
20240227;102407;7464.5;1;9702893461;S
20240227;102407;7464.5;4;9702893462;S
20240227;102407;7464.5;1;9702893463;S
20240227;102407;7463.5;10;9702893464;S
20240227;102407;7463.5;10;9702893465;S
20240227;102407;7463.5;6;9702893466;S
20240227;102407;7462.5;17;9702893467;S
20240227;102407;7464.5;3;9702894001;B
20240227;102407;7464.5;1;9702894005;B
20240227;102407;7465;15;9702894006;B
20240227;102408;7465;1;9702894290;B
20240227;102409;7465;1;9702894325;B
20240227;102413;7464.5;1;9702896575;B
20240227;102414;7464.5;4;9702896889;B
20240227;102414;7464.5;9;9702896890;B
20240227;102414;7465;654;9702896891;B
20240227;102414;7465;1;9702896892;B
20240227;102414;7465;3;9702896893;B
20240227;102414;7465;4;9702896894;B
20240227;102414;7465;5;9702896895;B
20240227;102414;7465;5;9702896896;B
20240227;102414;7465;1;9702896897;B
20240227;102414;7465.5;83;9702896898;B
20240227;102414;7466;9;9702896899;B
20240227;102414;7466;26;9702896900;B
20240227;102414;7466.5;32;9702896901;B
20240227;102414;7467;10;9702896902;B
20240227;102414;7467;40;9702896903;B
20240227;102414;7467;20;9702896904;B
20240227;102414;7467;10;9702896905;B
20240227;102414;7467.5;4;9702896906;B
20240227;102414;7468;9;9702896907;B
20240227;102414;7468;1;9702896908;B
20240227;102414;7468.5;31;9702896909;B
20240227;102414;7468.5;20;9702896910;B
20240227;102414;7469;1;9702896911;B
20240227;102414;7469;3;9702896912;B
20240227;102414;7469;13;9702896913;B
20240227;102414;7469;2;9702896914;B
20240227;102415;7468.5;10;9702897526;B
20240227;102415;7468.5;5;9702897527;B
20240227;102415;7468.5;8;9702897587;B
20240227;102415;7469;6;9702897593;B
20240227;102415;7469.5;7;9702897594;B
20240227;102415;7467.5;1;9702897690;S
20240227;102416;7468;5;9702897966;B
20240227;102416;7469.5;13;9702897967;B
20240227;102416;7470;10;9702897968;B
20240227;102416;7470;10;9702897969;B
20240227;102416;7470;1;9702897970;B
20240227;102416;7470;10;9702897971;B
20240227;102416;7470;10;9702897972;B
20240227;102416;7470;1;9702897973;B
20240227;102416;7470;10;9702897974;B
20240227;102416;7470;30;9702897975;B
20240227;102417;7467.5;1;9702898079;S
20240227;102417;7467.5;4;9702898080;S
20240227;102417;7470;2;9702898149;B
20240227;102417;7469.5;1;9702898194;S
20240227;102417;7469.5;3;9702898225;S
20240227;102417;7469.5;1;9702898228;S
20240227;102418;7469.5;1;9702898665;S
20240227;102418;7469.5;4;9702898666;S
20240227;102418;7469.5;1;9702898667;S
20240227;102419;7467.5;1;9702899482;S
20240227;102420;7467.5;40;9702899606;S
20240227;102420;7467;1;9702899607;S
20240227;102420;7467;11;9702899608;S
20240227;102420;7466;20;9702899609;S
20240227;102420;7466;20;9702899610;S
20240227;102420;7465;2;9702899611;S
20240227;102420;7465;6;9702899612;S
20240227;102421;7470;2;9702899712;B
20240227;102421;7469.5;1;9702899751;S
20240227;102421;7469.5;1;9702899752;S
20240227;102421;7469.5;1;9702899874;S
20240227;102421;7469.5;1;9702899980;S
20240227;102422;7469.5;1;9702900075;S
20240227;102422;7469.5;1;9702900337;S
20240227;102423;7469.5;1;9702900450;S
20240227;102423;7469.5;1;9702900613;S
20240227;102424;7469.5;30;9702900692;S
20240227;102424;7469.5;1;9702900693;S
20240227;102428;7469.5;1;9702902094;B
20240227;102428;7470;39;9702902095;B
20240227;102430;7469;2;9702903401;S
20240227;102431;7469;2;9702903788;S
20240227;102432;7469;4;9702903952;S
20240227;102435;7469.5;10;9702905496;B
20240227;102435;7469.5;1;9702905497;B
20240227;102435;7469.5;41;9702905498;B
20240227;102435;7469.5;10;9702905499;B
20240227;102435;7470;88;9702905500;B
20240227;102435;7469;9;9702905540;S
20240227;102435;7469;1;9702905570;S
20240227;102435;7469;1;9702905571;S
20240227;102436;7469;1;9702905652;S
20240227;102436;7469.5;10;9702905659;B
20240227;102436;7469.5;20;9702905660;B
20240227;102436;7469.5;3;9702905661;B
20240227;102436;7469.5;15;9702905662;B
20240227;102436;7470;46;9702905663;B
20240227;102436;7470;24;9702905664;B
20240227;102436;7470;1;9702905665;B
20240227;102436;7470;1;9702905666;B
20240227;102436;7470;312;9702905667;B
20240227;102436;7470;1;9702905668;B
20240227;102436;7470;1;9702905669;B
20240227;102436;7470;2;9702905670;B
20240227;102436;7470;2;9702905671;B
20240227;102436;7470;1;9702905672;B
20240227;102436;7470;100;9702905673;B
20240227;102436;7470;26;9702905674;B
20240227;102437;7471;1;9702905758;B
20240227;102437;7471;5;9702905759;B
20240227;102437;7471;1;9702905792;B
20240227;102437;7470;100;9702905844;S
20240227;102437;7471;1;9702905848;B
20240227;102438;7471;22;9702906142;B
20240227;102438;7470;26;9702906248;S
20240227;102439;7470;2;9702906378;S
20240227;102441;7471;16;9702906522;B
20240227;102441;7471;2;9702906523;B
20240227;102441;7471;17;9702906524;B
20240227;102441;7470;1;9702906536;S
20240227;102441;7471;24;9702906537;B
20240227;102441;7471.5;1;9702906538;B
20240227;102441;7471.5;17;9702906539;B
20240227;102442;7471.5;33;9702906671;B
20240227;102442;7471.5;11;9702906672;B
20240227;102442;7471.5;2;9702907353;B
20240227;102443;7471.5;1;9702907385;B
20240227;102443;7470.5;1;9702908261;S
20240227;102443;7470;199;9702908262;S
20240227;102446;7470.5;41;9702908671;B
20240227;102446;7470.5;20;9702908672;B
20240227;102446;7471;25;9702908673;B
20240227;102446;7471;5;9702908674;B
20240227;102446;7471.5;36;9702908675;B
20240227;102446;7471.5;20;9702908676;B
20240227;102446;7471.5;1;9702908677;B
20240227;102446;7471.5;4;9702908678;B
20240227;102446;7472;2;9702908679;B
20240227;102446;7472;1;9702908680;B
20240227;102446;7472;1;9702908681;B
20240227;102446;7472;739;9702908682;B
20240227;102446;7471.5;5;9702908708;B
20240227;102448;7471;2;9702909289;B
20240227;102449;7471;2;9702909502;B
20240227;102449;7471;1;9702909523;B
20240227;102450;7470;2;9702909881;S
20240227;102451;7470.5;7;9702910020;B
20240227;102451;7470;2;9702910030;S
20240227;102453;7470.5;34;9702911805;B
20240227;102453;7471;97;9702911806;B
20240227;102453;7471;20;9702911807;B
20240227;102453;7472;849;9702911808;B
20240227;102453;7470.5;2;9702911927;S
20240227;102454;7472;4;9702912019;B
20240227;102454;7472;4;9702912020;B
20240227;102455;7471;7;9702912338;S
20240227;102456;7471;3;9702912572;S
20240227;102456;7471;1;9702912573;S
20240227;102456;7470.5;3;9702912574;S
20240227;102456;7470.5;2;9702912731;S
20240227;102458;7470.5;3;9702913460;S
20240227;102458;7471;6;9702913516;B
20240227;102459;7470.5;1;9702914344;S
20240227;102500;7470.5;5;9702914443;S
20240227;102501;7471;4;9702914518;B
20240227;102501;7471;2;9702914560;S
20240227;102503;7471;2;9702914901;S
20240227;102504;7471.5;1;9702915183;B
20240227;102504;7472;49;9702915184;B
20240227;102505;7472;1;9702915310;B
20240227;102506;7471.5;13;9702915498;S
20240227;102507;7471.5;28;9702915612;S
20240227;102507;7471.5;2;9702915613;S
20240227;102507;7472;2;9702915655;B
20240227;102507;7471;24;9702915701;S
20240227;102507;7470.5;2;9702915702;S
20240227;102508;7472;227;9702915766;B
20240227;102508;7472;2;9702915767;B
20240227;102508;7472;1;9702915768;B
20240227;102508;7472;1;9702915769;B
20240227;102508;7472;69;9702915770;B
20240227;102508;7471;12;9702915801;S
20240227;102508;7470.5;10;9702915802;S
20240227;102508;7470.5;18;9702915803;S
20240227;102508;7470;10;9702915804;S
20240227;102510;7471;5;9702916729;B
20240227;102511;7471;5;9702918536;B
20240227;102513;7471;2;9702918968;B
20240227;102515;7470.5;1;9702919437;B
20240227;102515;7470.5;6;9702919556;B
20240227;102518;7470.5;1;9702920343;B
20240227;102518;7470.5;2;9702921434;S
20240227;102519;7470.5;2;9702921516;S
20240227;102519;7471;1;9702921533;B
20240227;102520;7471;5;9702922609;B
20240227;102520;7471;25;9702922610;B
20240227;102520;7471;3;9702922611;B
20240227;102520;7472;2;9702922612;B
20240227;102520;7470.5;10;9702922626;S
20240227;102520;7470.5;18;9702922627;S
20240227;102520;7470;72;9702922628;S
20240227;102521;7470;7;9702923055;S
20240227;102523;7471.5;4;9702923527;B
20240227;102523;7471.5;1;9702923528;B
20240227;102525;7471;1;9702924295;S
20240227;102525;7471;2;9702924421;S
20240227;102525;7470.5;3;9702924422;S
20240227;102525;7470.5;2;9702924459;S
20240227;102526;7471.5;1;9702924576;B
20240227;102529;7470.5;1;9702925686;S
20240227;102529;7470.5;4;9702925687;S
20240227;102529;7470;5;9702925688;S
20240227;102529;7471;1;9702925733;B
20240227;102529;7471;1;9702925734;B
20240227;102529;7471;10;9702925735;B
20240227;102529;7471.5;1;9702925736;B
20240227;102529;7471.5;4;9702925737;B
20240227;102529;7471.5;4;9702925738;B
20240227;102529;7471.5;1;9702925739;B
20240227;102529;7471.5;1;9702925740;B
20240227;102529;7471.5;2;9702925741;B
20240227;102529;7471.5;5;9702925743;B
20240227;102529;7471.5;2;9702925750;B
20240227;102529;7471.5;1;9702925751;B
20240227;102529;7471.5;2;9702925752;B
20240227;102532;7471.5;1;9702927775;B
20240227;102536;7471;1;9702929085;B
20240227;102538;7470;1;9702929923;S
20240227;102539;7470.5;1;9702930237;B
20240227;102539;7470.5;1;9702930238;B
20240227;102540;7470.5;4;9702930263;B
20240227;102540;7471;31;9702930264;B
20240227;102540;7470;8;9702930339;S
20240227;102540;7470;20;9702930340;S
20240227;102540;7470;42;9702930341;S
20240227;102540;7470;10;9702930347;S
20240227;102540;7470;1;9702930429;S
20240227;102542;7470;2;9702931228;S
20240227;102542;7470;70;9702931229;S
20240227;102542;7470;3;9702931230;S
20240227;102542;7470;20;9702931231;S
20240227;102542;7470;5;9702931232;S
20240227;102543;7470.5;2;9702931454;B
20240227;102543;7470.5;41;9702931455;B
20240227;102543;7471;5;9702931456;B
20240227;102543;7471;22;9702931457;B
20240227;102543;7471.5;97;9702931458;B
20240227;102543;7471.5;2;9702931459;B
20240227;102543;7471.5;1;9702931460;B
20240227;102543;7471.5;1;9702931461;B
20240227;102543;7471.5;100;9702931462;B
20240227;102543;7471.5;25;9702931463;B
20240227;102543;7472;54;9702931464;B
20240227;102543;7472;10;9702931514;B
20240227;102547;7470.5;1;9702934004;B
20240227;102547;7471;1;9702934005;B
20240227;102550;7471;24;9702934672;B
20240227;102550;7471;3;9702934673;B
20240227;102550;7471.5;39;9702934674;B
20240227;102551;7470.5;2;9702934723;S
20240227;102551;7471;5;9702934750;B
20240227;102551;7471.5;7;9702934847;B
20240227;102551;7471;1;9702934870;S
20240227;102552;7471;1;9702934908;S
20240227;102552;7471;1;9702935433;B
20240227;102552;7470;6;9702935498;S
20240227;102552;7470;20;9702935499;S
20240227;102552;7469.5;50;9702935500;S
20240227;102552;7469.5;18;9702935501;S
20240227;102552;7468;106;9702935502;S
20240227;102554;7468;14;9702935779;S
20240227;102554;7466;5;9702935780;S
20240227;102554;7466;31;9702935781;S
20240227;102556;7465.5;1;9702936969;S
20240227;102556;7465;75;9702936970;S
20240227;102557;7465;5;9702937076;S
20240227;102557;7465;20;9702937077;S
20240227;102557;7464;75;9702937078;B
20240227;102557;7467;2;9702937295;B
20240227;102557;7467;20;9702937296;B
20240227;102557;7467.5;17;9702937297;B
20240227;102557;7468;20;9702937298;B
20240227;102557;7468.5;4;9702937299;B
20240227;102557;7468.5;3;9702937300;B
20240227;102558;7463;25;9702937358;B
20240227;102559;7463;1;9702937517;S
20240227;102559;7463;9;9702937518;S
20240227;102559;7466.5;58;9702937542;B
20240227;102559;7467;2;9702937543;B
20240227;102559;7467;100;9702937544;B
20240227;102559;7467.5;17;9702937545;B
20240227;102559;7468;1;9702937546;B
20240227;102559;7468;20;9702937547;B
20240227;102559;7468;10;9702937548;B
20240227;102559;7468.5;17;9702937549;B
20240227;102559;7469.5;4;9702937550;B
20240227;102559;7469.5;10;9702937551;B
20240227;102559;7469.5;200;9702937552;B
20240227;102559;7469.5;11;9702937553;B
20240227;102559;7470;4;9702937823;B
20240227;102559;7470;146;9702937824;B
20240227;102559;7470;4;9702938001;B
20240227;102559;7470;6;9702938002;B
20240227;102559;7471;10;9702938004;B
20240227;102559;7471;10;9702938005;B
20240227;102600;7471;6;9702938014;B
20240227;102600;7471;4;9702938015;B
20240227;102600;7471;1;9702938042;B
20240227;102600;7471;9;9702938043;B
20240227;102604;7467;1;9702939522;S
20240227;102604;7465.5;3;9702939523;S
20240227;102604;7469;1;9702939549;B
20240227;102604;7469;1;9702939556;B
20240227;102605;7469;1;9702939570;B
20240227;102605;7465.5;1;9702939640;S
20240227;102606;7468.5;1;9702939807;B
20240227;102606;7469;3;9702939808;B
20240227;102609;7468.5;2;9702941327;S
20240227;102615;7469;10;9702942061;B
20240227;102615;7470;7;9702942062;B
20240227;102615;7471;1;9702942063;B
20240227;102615;7471.5;1;9702942064;B
20240227;102615;7471.5;11;9702942065;B
20240227;102616;7469.5;2;9702942506;S
20240227;102616;7469.5;100;9702942507;S
20240227;102616;7469;98;9702942508;S
20240227;102616;7469;20;9702942520;S
20240227;102618;7469;8;9702942712;S
20240227;102618;7471.5;2;9702943774;B
20240227;102618;7471.5;13;9702943775;B
20240227;102619;7469;7;9702943790;S
20240227;102626;7471.5;16;9702946198;B
20240227;102626;7471.5;20;9702946199;B
20240227;102626;7471.5;1;9702946200;B
20240227;102626;7472;63;9702946201;B
20240227;102627;7469;7;9702946278;S
20240227;102627;7467.5;13;9702946279;S
20240227;102628;7471.5;5;9702947014;S
20240227;102628;7471.5;4;9702947042;S
20240227;102631;7471.5;1;9702947431;S
20240227;102632;7471.5;1;9702947554;S
20240227;102632;7471.5;1;9702947584;S
20240227;102633;7471.5;1;9702947677;S
20240227;102633;7472;102;9702947781;B
20240227;102633;7472;1;9702947782;B
20240227;102633;7472;30;9702947783;B
20240227;102633;7472;1;9702947784;B
20240227;102633;7472;100;9702947785;B
20240227;102633;7472;10;9702947786;B
20240227;102633;7472;100;9702947787;B
20240227;102633;7472;10;9702947788;B
20240227;102633;7472;1;9702947789;B
20240227;102633;7472;2;9702947790;B
20240227;102634;7472.5;2;9702947810;B
20240227;102634;7472;1;9702947833;S
20240227;102634;7472;10;9702947850;S
20240227;102635;7472.5;5;9702948047;B
20240227;102640;7472;8;9702948885;S
20240227;102640;7472;1;9702948886;S
20240227;102641;7472;1;9702949114;S
20240227;102641;7472;1;9702949203;S
20240227;102641;7472;1;9702949204;S
20240227;102642;7472;1;9702949251;S
20240227;102643;7472.5;3;9702949333;B
20240227;102643;7472.5;16;9702949334;B
20240227;102643;7472.5;1;9702949335;B
20240227;102643;7473;4;9702949336;B
20240227;102643;7473;6;9702949337;B
20240227;102643;7472.5;1;9702949371;S
20240227;102643;7473;4;9702949387;B
20240227;102643;7473;1;9702949388;B
20240227;102643;7473;1;9702949389;B
20240227;102643;7473;1;9702949390;B
20240227;102643;7473;5;9702949391;B
20240227;102643;7472.5;15;9702949447;S
20240227;102643;7472;35;9702949448;S
20240227;102644;7473;4;9702949492;B
20240227;102644;7473;1;9702949513;B
20240227;102644;7473;1;9702949514;B
20240227;102644;7473;2;9702949515;B
20240227;102647;7472;114;9702949943;S
20240227;102647;7472;7;9702949944;S
20240227;102647;7472;3;9702949945;S
20240227;102649;7471.5;6;9702950181;S
20240227;102653;7469;10;9702950703;S
20240227;102656;7468.5;4;9702951191;B
20240227;102656;7469;17;9702951192;B
20240227;102656;7470;20;9702951193;B
20240227;102656;7470;1;9702951194;S
20240227;102657;7470.5;4;9702951244;B
20240227;102657;7471.5;1;9702951245;B
20240227;102657;7471.5;4;9702951246;B
20240227;102657;7472;58;9702951247;B
20240227;102657;7472;1;9702951248;B
20240227;102657;7470;2;9702951260;S
20240227;102659;7470;86;9702951506;S
20240227;102701;7469.5;1;9702951767;B
20240227;102702;7468.5;1;9702952018;B
20240227;102702;7470;5;9702952019;B
20240227;102707;7466.5;1;9702952724;S
20240227;102707;7466;1;9702952725;S
20240227;102707;7466;5;9702952726;S
20240227;102708;7465.5;1;9702952879;S
20240227;102708;7465.5;14;9702952880;S
20240227;102712;7470;3;9702953589;B
20240227;102715;7466;1;9702954038;S
20240227;102725;7465.5;1;9702955575;S
20240227;102725;7465.5;3;9702955576;S
20240227;102725;7465.5;2;9702955601;S
20240227;102725;7465;4;9702955602;S
20240227;102731;7465;1;9702956906;S
20240227;102737;7468.5;1;9702958015;B
20240227;102737;7468.5;1;9702958016;B
20240227;102737;7468.5;2;9702958017;B
20240227;102737;7468.5;1;9702958044;S
20240227;102738;7468.5;2;9702958216;S
20240227;102740;7466;1;9702958660;B
20240227;102741;7465.5;1;9702958912;S
20240227;102743;7466;17;9702959165;B
20240227;102743;7468;2;9702959166;B
20240227;102743;7468.5;9;9702959167;B
20240227;102743;7469;10;9702959168;B
20240227;102743;7469.5;1;9702959169;B
20240227;102743;7469.5;1;9702959170;B
20240227;102743;7469.5;4;9702959171;B
20240227;102743;7469.5;3;9702959172;B
20240227;102743;7469.5;20;9702959173;B
20240227;102743;7470;46;9702959174;B
20240227;102743;7470;1;9702959175;B
20240227;102743;7470;2;9702959176;B
20240227;102743;7470;74;9702959177;B
20240227;102747;7469.5;6;9702959572;B
20240227;102801;7466.5;1;9702961598;S
20240227;102801;7466.5;1;9702961599;S
20240227;102801;7466.5;1;9702961600;S
20240227;102801;7466.5;1;9702961601;S
20240227;102801;7466;6;9702961602;S
20240227;102802;7467.5;3;9702961732;B
20240227;102802;7468;2;9702961733;B
20240227;102803;7465.5;1;9702961963;S
20240227;102803;7465.5;1;9702961964;S
20240227;102803;7465;5;9702961965;S
20240227;102804;7468;1;9702961996;B
20240227;102805;7465.5;5;9702962158;S
20240227;102805;7465.5;5;9702962159;S
20240227;102807;7465;1;9702962387;S
20240227;102808;7465;1;9702962647;S
20240227;102813;7468;7;9702963332;B
20240227;102813;7468;1;9702963333;B
20240227;102813;7469;1;9702963334;B
20240227;102813;7469;6;9702963335;B
20240227;102818;7469;1;9702964080;B
20240227;102818;7469;1;9702964081;B
20240227;102818;7469.5;4;9702964082;B
20240227;102818;7469.5;9;9702964083;B
20240227;102818;7469.5;1;9702964084;B
20240227;102818;7470;9;9702964085;B
20240227;102818;7470;20;9702964086;B
20240227;102818;7470;1;9702964087;B
20240227;102818;7470;2;9702964088;B
20240227;102818;7470;15;9702964089;B
20240227;102818;7470;1;9702964090;B
20240227;102818;7470.5;10;9702964091;B
20240227;102818;7470.5;100;9702964092;B
20240227;102818;7471;15;9702964093;B
20240227;102818;7471;25;9702964094;B
20240227;102818;7471;1;9702964095;B
20240227;102818;7471;100;9702964096;B
20240227;102818;7471;4;9702964097;B
20240227;102818;7471.5;4;9702964098;B
20240227;102818;7471.5;77;9702964099;B
20240227;102832;7470;1;9702966076;B
20240227;102834;7471;5;9702966469;B
20240227;102834;7471;9;9702966470;B
20240227;102834;7471.5;6;9702966471;B
20240227;102835;7470;6;9702966476;S
20240227;102835;7470;1;9702966477;S
20240227;102839;7469.5;1;9702966877;S
20240227;102842;7470;1;9702967333;B
20240227;102849;7469;1;9702968154;S
20240227;102855;7469.5;1;9702969063;B
20240227;102855;7469.5;5;9702969064;B
20240227;102855;7469.5;1;9702969096;B
20240227;102900;7469.5;1;9702969734;B
20240227;102900;7469;1;9702969735;S
20240227;102900;7469.5;1;9702969781;B
20240227;102901;7469.5;1;9702969812;B
20240227;102901;7469.5;1;9702969848;B
20240227;102901;7469.5;1;9702969854;B
20240227;102901;7469.5;1;9702969858;B
20240227;102901;7469.5;1;9702969860;B
20240227;102901;7469.5;1;9702969865;B
20240227;102901;7469.5;1;9702969894;B
20240227;102902;7469;9;9702970021;S
20240227;102902;7469;1;9702970022;S
20240227;102902;7469;4;9702970023;S
20240227;102902;7467.5;1;9702970024;S
20240227;102902;7467.5;1;9702970025;S
20240227;102902;7467.5;9;9702970026;S
20240227;102902;7467;5;9702970027;S
20240227;102903;7466;7;9702970063;S
20240227;102903;7466.5;1;9702970097;B
20240227;102908;7466.5;12;9702970792;B
20240227;102915;7466;93;9702971898;S
20240227;102915;7465.5;7;9702971899;S
20240227;102915;7465.5;20;9702971900;S
20240227;102915;7465;14;9702971901;S
20240227;102918;7465;1;9702972351;S
20240227;102920;7465.5;1;9702972642;B
20240227;102920;7465.5;1;9702972643;B
20240227;102920;7465.5;1;9702972644;B
20240227;102920;7465.5;1;9702972645;B
20240227;102920;7466;5;9702972646;B
20240227;102920;7466.5;21;9702972647;B
20240227;102921;7466.5;36;9702972891;B
20240227;102921;7466.5;6;9702972892;B
20240227;102921;7468.5;28;9702972893;B
20240227;102921;7469;1;9702972894;B
20240227;102921;7469;1;9702972895;B
20240227;102921;7469.5;85;9702972896;B
20240227;102921;7469.5;10;9702972897;B
20240227;102921;7469.5;100;9702972898;B
20240227;102921;7470;132;9702972899;B
20240227;102921;7470;1;9702972900;B
20240227;102926;7467;1;9702973746;B
20240227;102931;7466.5;1;9702974709;S
20240227;102933;7469.5;8;9702975116;B
20240227;102945;7466.5;10;9702976893;S
