<DATE>;<TIME>;<LAST>;<VOL>;<ID>;<OPER>
20240116;095957;7080.000000000;1;9393888744;S
20240116;095957;7080.000000000;4;9393888745;S
20240116;095957;7080.000000000;2;9393888746;S
20240116;095957;7080.000000000;1;9393888747;S
20240116;095957;7080.000000000;2;9393888748;S
20240116;095957;7080.000000000;6;9393888749;S
20240116;095957;7080.000000000;1;9393888750;S
20240116;095957;7080.000000000;3;9393888751;S
20240116;095957;7080.000000000;3;9393888752;S
20240116;095957;7080.000000000;1;9393888753;S
20240116;095957;7080.000000000;2;9393888754;S
20240116;095957;7080.000000000;1;9393888755;S
20240116;095957;7080.000000000;1;9393888756;S
20240116;095957;7080.000000000;1;9393888757;S
20240116;095957;7080.000000000;1;9393888758;B
20240116;095957;7080.000000000;3;9393888759;B
20240116;095957;7080.000000000;2;9393888760;B
20240116;095957;7080.000000000;1;9393888761;B
20240116;095957;7080.000000000;3;9393888762;B
20240116;095957;7080.000000000;2;9393888763;B
20240116;095957;7080.000000000;1;9393888764;B
20240116;095957;7080.000000000;2;9393888765;S
20240116;095957;7080.000000000;1;9393888766;S
20240116;095957;7080.000000000;2;9393888767;B
20240116;095957;7080.000000000;11;9393888768;B
20240116;095957;7080.000000000;2;9393888769;B
20240116;095957;7080.000000000;1;9393888770;B
20240116;095957;7080.000000000;1;9393888771;B
20240116;095957;7080.000000000;2;9393888772;S
20240116;095957;7080.000000000;1;9393888773;S
20240116;095957;7080.000000000;1;9393888774;B
20240116;095957;7080.000000000;1;9393888775;B
20240116;100003;7077.000000000;8;9393891734;S
20240116;100003;7079.500000000;1;9393892086;B
20240116;100004;7079.500000000;1;9393892226;S
20240116;100004;7080.000000000;1;9393892377;B
20240116;100006;7079.000000000;2;9393895133;S
20240116;100006;7078.500000000;8;9393895134;S
20240116;100007;7079.000000000;5;9393895969;S
20240116;100008;7080.000000000;1;9393896958;B
20240116;100008;7080.500000000;1;9393897683;B
20240116;100009;7081.000000000;6;9393898144;B
20240116;100010;7081.000000000;3;9393899103;B
20240116;100010;7080.500000000;1;9393899235;S
20240116;100015;7080.500000000;10;9393902277;S
20240116;100017;7081.000000000;65;9393902823;B
20240116;100017;7081.500000000;1;9393902824;B
20240116;100017;7082.000000000;1;9393902825;B
20240116;100017;7082.000000000;1;9393902826;B
20240116;100017;7082.000000000;5;9393902827;B
20240116;100017;7082.000000000;13;9393902828;B
20240116;100017;7082.000000000;47;9393902829;B
20240116;100017;7082.000000000;4;9393902830;B
20240116;100017;7082.000000000;30;9393902831;B
20240116;100017;7082.000000000;1;9393902832;B
20240116;100017;7082.500000000;5;9393902833;B
20240116;100017;7083.000000000;5;9393902834;B
20240116;100017;7083.500000000;5;9393902837;B
20240116;100017;7084.000000000;5;9393902838;B
20240116;100017;7084.000000000;1;9393902839;B
20240116;100017;7084.500000000;5;9393902840;B
20240116;100017;7085.000000000;5;9393902841;B
20240116;100017;7085.500000000;5;9393902842;B
20240116;100017;7086.000000000;5;9393902844;B
20240116;100017;7086.000000000;3;9393902845;B
20240116;100017;7086.500000000;2;9393902846;B
20240116;100017;7086.500000000;5;9393902847;B
20240116;100017;7084.500000000;3;9393902856;S
20240116;100017;7084.500000000;1;9393902857;S
20240116;100017;7084.500000000;8;9393902867;S
20240116;100022;7086.500000000;3;9393903896;B
20240116;100022;7087.000000000;5;9393903897;B
20240116;100022;7087.000000000;5;9393903898;B
20240116;100022;7087.500000000;2;9393903899;B
20240116;100023;7086.000000000;2;9393904495;S
20240116;100023;7086.000000000;55;9393904496;S
20240116;100026;7085.000000000;150;9393905190;S
20240116;100026;7086.500000000;3;9393905242;B
20240116;100029;7084.500000000;1;9393906741;S
20240116;100030;7086.500000000;1;9393907083;B
20240116;100040;7085.500000000;1;9393909008;B
20240116;100041;7085.000000000;4;9393909473;S
20240116;100041;7084.500000000;1;9393909474;S
20240116;100041;7084.500000000;19;9393909475;S
20240116;100048;7085.000000000;2;9393910941;S
20240116;100049;7085.000000000;4;9393911299;S
20240116;100049;7084.500000000;76;9393911300;S
20240116;100052;7086.000000000;10;9393911764;B
20240116;100052;7087.000000000;5;9393911765;B
20240116;100052;7087.500000000;3;9393911766;B
20240116;100052;7087.500000000;5;9393911767;B
20240116;100052;7087.500000000;1;9393911768;B
20240116;100052;7087.500000000;1;9393911769;B
20240116;100052;7088.000000000;5;9393911770;B
20240116;100052;7088.000000000;38;9393911771;B
20240116;100053;7088.000000000;4;9393912059;B
20240116;100100;7088.000000000;4;9393913922;B
20240116;100102;7088.000000000;7;9393924209;B
20240116;100102;7088.000000000;3;9393924210;B
20240116;100102;7088.500000000;1;9393924211;B
20240116;100103;7088.000000000;8;9393924337;B
20240116;100103;7085.000000000;1;9393924350;S
20240116;100103;7085.000000000;2;9393924385;S
20240116;100103;7084.500000000;9;9393924386;S
20240116;100103;7084.500000000;9;9393924387;S
20240116;100106;7087.500000000;8;9393924695;B
20240116;100108;7085.000000000;1;9393925136;S
20240116;100112;7084.500000000;7;9393925759;S
20240116;100116;7084.500000000;84;9393926342;S
20240116;100116;7084.000000000;20;9393926343;S
20240116;100116;7084.000000000;3;9393926344;S
20240116;100116;7084.000000000;13;9393926345;S
20240116;100132;7084.000000000;1;9393928709;B
20240116;100132;7084.000000000;4;9393928710;B
20240116;100134;7084.500000000;3;9393929221;B
20240116;100136;7080.500000000;5;9393929475;S
20240116;100157;7084.000000000;1;9393932558;B
20240116;100209;7084.000000000;3;9393934175;B
20240116;100209;7084.000000000;1;9393934176;B
20240116;100209;7084.000000000;3;9393934177;B
20240116;100212;7085.000000000;10;9393934582;B
20240116;100212;7084.500000000;20;9393934584;B
20240116;100212;7084.500000000;4;9393934585;B
20240116;100216;7084.000000000;4;9393935158;S
20240116;100216;7084.000000000;57;9393935159;S
20240116;100216;7084.000000000;20;9393935160;S
20240116;100216;7084.000000000;1;9393935217;S
20240116;100217;7084.000000000;1;9393935323;S
20240116;100224;7084.500000000;1;9393936513;S
20240116;100225;7085.000000000;20;9393936585;B
20240116;100225;7085.000000000;10;9393936586;B
20240116;100225;7085.000000000;1;9393936587;B
20240116;100225;7085.500000000;4;9393936588;B
20240116;100225;7087.000000000;1;9393936589;B
20240116;100225;7087.000000000;1;9393936590;B
20240116;100225;7087.500000000;23;9393936591;B
20240116;100238;7086.500000000;1;9393938453;S
20240116;100238;7086.500000000;1;9393938454;S
20240116;100242;7087.000000000;1;9393939189;B
20240116;100243;7087.000000000;1;9393939503;B
20240116;100248;7087.000000000;1;9393940122;B
20240116;100248;7087.000000000;2;9393940123;B
20240116;100250;7087.500000000;1;9393940592;B
20240116;100251;7087.500000000;4;9393940719;B
20240116;100251;7087.500000000;46;9393940720;B
20240116;100253;7086.500000000;1;9393940989;S
20240116;100254;7086.500000000;5;9393941028;B
20240116;100254;7087.000000000;4;9393941029;B
20240116;100254;7087.000000000;6;9393941030;B
20240116;100254;7085.500000000;50;9393941103;S
20240116;100254;7084.000000000;1;9393941121;S
20240116;100256;7084.000000000;70;9393941366;S
20240116;100303;7087.500000000;2;9393942639;B
20240116;100303;7085.000000000;22;9393942646;S
20240116;100303;7085.000000000;20;9393942647;S
20240116;100303;7084.500000000;58;9393942648;S
20240116;100309;7087.000000000;1;9393943829;B
20240116;100317;7085.500000000;11;9393945001;B
20240116;100317;7085.500000000;5;9393945002;B
20240116;100317;7086.000000000;15;9393945003;B
20240116;100317;7086.500000000;1;9393945004;B
20240116;100317;7086.500000000;45;9393945005;B
20240116;100318;7086.500000000;1;9393945337;B
20240116;100319;7086.000000000;1;9393945446;B
20240116;100330;7086.000000000;2;9393947160;B
20240116;100334;7086.500000000;2;9393947662;B
20240116;100339;7086.500000000;52;9393948517;B
20240116;100339;7086.500000000;70;9393948518;B
20240116;100339;7086.500000000;15;9393948519;B
20240116;100339;7087.000000000;84;9393948520;B
20240116;100339;7087.000000000;20;9393948521;B
20240116;100339;7087.000000000;2;9393948522;B
20240116;100339;7087.000000000;6;9393948523;B
20240116;100339;7087.000000000;29;9393948524;B
20240116;100339;7088.000000000;1;9393948525;B
20240116;100342;7086.500000000;1;9393948822;S
20240116;100342;7086.500000000;4;9393948823;S
20240116;100347;7086.500000000;5;9393949641;S
20240116;100356;7086.000000000;1;9393950763;S
20240116;100356;7086.000000000;100;9393950764;S
20240116;100359;7087.500000000;9;9393951275;B
20240116;100401;7087.500000000;15;9393951620;B
20240116;100402;7087.000000000;1;9393951702;S
20240116;100405;7087.000000000;8;9393952385;S
20240116;100405;7087.000000000;2;9393952386;S
20240116;100415;7087.000000000;2;9393954961;B
20240116;100431;7086.000000000;1;9393957989;S
20240116;100433;7087.000000000;1;9393958213;B
20240116;100433;7087.000000000;1;9393958214;B
20240116;100434;7086.000000000;9;9393958578;S
20240116;100434;7086.000000000;1;9393958579;S
20240116;100434;7086.000000000;7;9393958589;S
20240116;100434;7086.000000000;1;9393958590;S
20240116;100436;7084.500000000;10;9393958913;S
20240116;100439;7087.000000000;2;9393959389;B
20240116;100439;7086.000000000;1;9393959400;S
20240116;100439;7086.000000000;8;9393959401;S
20240116;100446;7085.500000000;2;9393960687;S
20240116;100448;7087.500000000;1;9393960934;B
20240116;100456;7086.000000000;3;9393962667;B
20240116;100456;7087.000000000;1;9393962668;B
20240116;100457;7087.000000000;7;9393963157;S
20240116;100457;7087.000000000;5;9393963173;S
20240116;100504;7087.500000000;1;9393964252;B
20240116;100504;7087.500000000;1;9393964253;B
20240116;100504;7087.500000000;5;9393964254;B
20240116;100510;7087.500000000;1;9393965319;B
20240116;100522;7087.000000000;4;9393968007;S
20240116;100522;7087.000000000;46;9393968008;S
20240116;100523;7087.500000000;1;9393968080;B
20240116;100524;7087.000000000;10;9393968182;S
20240116;100525;7086.000000000;2;9393968376;S
20240116;100525;7084.500000000;1;9393968397;S
20240116;100530;7086.000000000;1;9393969184;B
20240116;100534;7086.000000000;1;9393969956;B
20240116;100535;7084.500000000;2;9393970061;S
20240116;100544;7085.000000000;1;9393971407;S
20240116;100544;7085.000000000;1;9393971408;S
20240116;100544;7084.500000000;7;9393971409;S
20240116;100544;7084.500000000;789;9393971410;S
20240116;100544;7084.500000000;2;9393971411;S
20240116;100544;7084.500000000;20;9393971412;S
20240116;100544;7084.500000000;11;9393971413;S
20240116;100544;7084.000000000;33;9393971414;S
20240116;100544;7084.000000000;1;9393971415;S
20240116;100549;7083.500000000;1;9393972367;B
20240116;100554;7083.500000000;5;9393973078;B
20240116;100556;7084.000000000;1;9393973246;B
20240116;100556;7083.000000000;1;9393973308;S
20240116;100556;7083.000000000;4;9393973309;S
20240116;100557;7082.000000000;1;9393973459;S
20240116;100601;7082.000000000;1;9393973981;B
20240116;100603;7081.500000000;4;9393974261;S
20240116;100604;7081.500000000;1;9393974448;S
20240116;100604;7081.500000000;1;9393974449;S
20240116;100604;7081.000000000;1;9393974450;S
20240116;100604;7081.000000000;38;9393974451;S
20240116;100604;7081.000000000;3;9393974452;S
20240116;100604;7080.000000000;1;9393974473;S
20240116;100604;7080.000000000;1;9393974474;S
20240116;100604;7080.000000000;40;9393974475;S
20240116;100604;7078.500000000;7;9393974476;S
20240116;100604;7078.500000000;13;9393974477;S
20240116;100604;7078.000000000;20;9393974478;S
20240116;100604;7077.500000000;10;9393974479;S
20240116;100604;7077.500000000;6;9393974480;S
20240116;100604;7077.000000000;24;9393974481;S
20240116;100604;7077.000000000;18;9393974482;S
20240116;100604;7077.000000000;1;9393974483;S
20240116;100604;7076.000000000;10;9393974487;S
20240116;100604;7075.000000000;10;9393974488;S
20240116;100604;7075.000000000;1;9393974618;S
20240116;100605;7075.000000000;29;9393974730;S
20240116;100605;7075.000000000;1;9393974731;S
20240116;100605;7075.000000000;1;9393974732;S
20240116;100605;7075.000000000;10;9393974733;S
20240116;100605;7075.000000000;1;9393974734;S
20240116;100605;7075.000000000;20;9393974735;S
20240116;100608;7073.500000000;1;9393975183;S
20240116;100608;7074.000000000;1;9393975194;B
20240116;100608;7073.500000000;2;9393975276;S
20240116;100610;7074.000000000;1;9393975540;B
20240116;100611;7073.500000000;5;9393975732;S
20240116;100612;7074.500000000;7;9393975799;B
20240116;100612;7073.500000000;1;9393975937;S
20240116;100613;7074.000000000;1;9393976066;B
20240116;100615;7073.500000000;3;9393976235;S
20240116;100618;7073.500000000;2;9393976619;S
20240116;100619;7073.500000000;1;9393976629;S
20240116;100619;7073.500000000;2;9393976690;S
20240116;100620;7073.500000000;4;9393976870;S
20240116;100620;7073.500000000;3;9393976871;S
20240116;100622;7073.500000000;2;9393977043;S
20240116;100622;7073.000000000;1;9393977093;S
20240116;100622;7074.000000000;1;9393977097;B
20240116;100623;7074.500000000;8;9393977296;B
20240116;100624;7075.000000000;43;9393977298;B
20240116;100624;7075.000000000;54;9393977299;B
20240116;100624;7075.000000000;32;9393977300;B
20240116;100624;7075.000000000;9;9393977301;B
20240116;100625;7074.500000000;7;9393977439;S
20240116;100625;7074.500000000;3;9393977440;S
20240116;100633;7076.000000000;1;9393978708;S
20240116;100633;7076.000000000;16;9393978709;S
20240116;100633;7075.500000000;3;9393978710;S
20240116;100645;7077.000000000;1;9393980592;B
20240116;100647;7076.500000000;6;9393980839;S
20240116;100647;7076.500000000;6;9393980840;S
20240116;100647;7076.000000000;6;9393980841;S
20240116;100649;7075.500000000;1;9393981058;S
20240116;100649;7075.000000000;2;9393981059;S
20240116;100711;7076.500000000;11;9393984811;B
20240116;100721;7075.000000000;4;9393986117;S
20240116;100721;7074.500000000;30;9393986118;S
20240116;100721;7074.500000000;160;9393986119;S
20240116;100723;7073.000000000;20;9393986612;S
20240116;100723;7073.000000000;6;9393986613;S
20240116;100723;7072.500000000;20;9393986614;S
20240116;100723;7072.000000000;10;9393986615;S
20240116;100723;7071.500000000;70;9393986616;S
20240116;100723;7071.000000000;10;9393986617;S
20240116;100723;7071.000000000;20;9393986618;S
20240116;100723;7070.000000000;3;9393986619;S
20240116;100723;7070.000000000;10;9393986620;S
20240116;100723;7070.000000000;1;9393986621;S
20240116;100723;7070.000000000;7;9393986622;S
20240116;100723;7070.000000000;1;9393986623;S
20240116;100723;7070.000000000;1;9393986624;S
20240116;100723;7070.000000000;7;9393986625;S
20240116;100723;7070.000000000;1;9393986626;S
20240116;100723;7070.000000000;3;9393986627;S
20240116;100723;7070.000000000;5;9393986628;S
20240116;100723;7068.500000000;1;9393986644;S
20240116;100724;7069.500000000;1;9393986726;B
20240116;100729;7069.000000000;5;9393987324;S
20240116;100731;7069.000000000;1;9393987681;S
20240116;100731;7069.000000000;1;9393987752;S
20240116;100732;7069.000000000;1;9393987828;S
20240116;100735;7069.500000000;1;9393988280;B
20240116;100735;7069.500000000;15;9393988281;B
20240116;100735;7069.500000000;50;9393988282;B
20240116;100735;7069.500000000;2;9393988283;B
20240116;100735;7070.000000000;1;9393988288;B
20240116;100739;7069.500000000;5;9393988857;S
20240116;100741;7069.500000000;50;9393989109;S
20240116;100742;7069.500000000;1;9393989251;S
20240116;100747;7070.000000000;1;9393989912;B
20240116;100747;7069.500000000;1;9393989913;S
20240116;100748;7070.000000000;5;9393990066;B
20240116;100749;7070.000000000;1;9393990273;B
20240116;100751;7070.000000000;1;9393990490;B
20240116;100752;7070.000000000;3;9393990677;B
20240116;100753;7069.500000000;1;9393990869;S
20240116;100756;7070.000000000;2;9393991267;B
20240116;100758;7069.500000000;10;9393991488;S
20240116;100802;7069.500000000;10;9393992045;S
20240116;100802;7069.500000000;39;9393992061;S
20240116;100804;7070.000000000;1;9393992388;B
20240116;100808;7069.500000000;2;9393992862;S
20240116;100813;7070.000000000;2;9393993289;B
20240116;100819;7069.500000000;6;9393994001;S
20240116;100820;7070.000000000;50;9393994107;B
20240116;100821;7070.000000000;84;9393994268;B
20240116;100822;7069.500000000;477;9393994386;S
20240116;100822;7069.500000000;1;9393994387;S
20240116;100822;7069.500000000;1;9393994388;S
20240116;100822;7069.500000000;1;9393994389;S
20240116;100822;7069.000000000;5;9393994491;S
20240116;100822;7069.500000000;1;9393994526;B
20240116;100823;7069.500000000;25;9393994531;B
20240116;100823;7069.500000000;11;9393994532;B
20240116;100823;7070.000000000;17;9393994533;B
20240116;100823;7069.000000000;100;9393994568;S
20240116;100826;7069.500000000;3;9393994977;B
20240116;100829;7069.000000000;1;9393995523;S
20240116;100830;7069.000000000;86;9393995711;S
20240116;100830;7068.500000000;3;9393995712;S
20240116;100830;7068.500000000;1;9393995713;S
20240116;100830;7068.500000000;1;9393995714;S
20240116;100830;7068.500000000;400;9393995715;S
20240116;100830;7068.000000000;2;9393995716;S
20240116;100830;7067.500000000;1;9393995717;S
20240116;100830;7067.000000000;5;9393995718;S
20240116;100830;7066.500000000;5;9393995719;S
20240116;100830;7066.000000000;5;9393995720;S
20240116;100830;7065.500000000;1;9393995721;S
20240116;100830;7065.500000000;5;9393995722;S
20240116;100830;7065.500000000;30;9393995723;S
20240116;100830;7065.500000000;100;9393995724;S
20240116;100830;7065.000000000;10;9393995725;S
20240116;100830;7065.000000000;5;9393995726;S
20240116;100830;7065.000000000;1;9393995727;S
20240116;100830;7065.000000000;139;9393995728;S
20240116;100835;7068.000000000;1;9393996386;S
20240116;100835;7068.000000000;2;9393996393;S
20240116;100836;7068.500000000;1;9393996465;B
20240116;100837;7068.000000000;1;9393996553;S
20240116;100839;7068.500000000;4;9393996791;B
20240116;100839;7068.500000000;5;9393996792;B
20240116;100839;7068.500000000;5;9393996793;B
20240116;100839;7068.500000000;5;9393996794;B
20240116;100839;7068.500000000;15;9393996795;B
20240116;100839;7068.500000000;5;9393996796;B
20240116;100839;7068.500000000;3;9393996797;B
20240116;100839;7069.000000000;8;9393996798;B
20240116;100839;7069.000000000;3;9393996799;B
20240116;100841;7068.000000000;1;9393997145;S
20240116;100843;7068.000000000;5;9393997497;S
20240116;100843;7067.500000000;10;9393997498;S
20240116;100845;7067.000000000;5;9393997775;S
20240116;100845;7067.500000000;3;9393997805;B
20240116;100847;7066.000000000;15;9393998042;S
20240116;100847;7065.500000000;160;9393998043;S
20240116;100847;7065.000000000;10;9393998044;S
20240116;100847;7065.000000000;8;9393998045;S
20240116;100847;7064.500000000;5;9393998046;S
20240116;100847;7064.500000000;35;9393998047;S
20240116;100847;7064.500000000;4;9393998048;S
20240116;100847;7064.000000000;5;9393998049;S
20240116;100847;7064.000000000;11;9393998050;S
20240116;100847;7063.500000000;2;9393998051;S
20240116;100847;7063.500000000;5;9393998052;S
20240116;100847;7063.500000000;15;9393998053;S
20240116;100847;7063.000000000;5;9393998054;S
20240116;100847;7063.000000000;6;9393998055;S
20240116;100847;7062.500000000;5;9393998056;S
20240116;100847;7062.500000000;5;9393998057;S
20240116;100847;7062.500000000;70;9393998058;S
20240116;100847;7062.000000000;1;9393998059;S
20240116;100847;7062.000000000;5;9393998060;S
20240116;100847;7062.000000000;1;9393998061;S
20240116;100847;7061.500000000;1;9393998062;S
20240116;100847;7061.500000000;5;9393998063;S
20240116;100847;7061.500000000;1;9393998064;S
20240116;100847;7061.500000000;17;9393998065;S
20240116;100847;7061.500000000;20;9393998066;S
20240116;100847;7061.500000000;5;9393998067;S
20240116;100847;7061.000000000;1;9393998068;S
20240116;100847;7061.000000000;23;9393998069;S
20240116;100847;7061.000000000;100;9393998070;S
20240116;100847;7061.000000000;5;9393998071;S
20240116;100847;7061.000000000;1;9393998072;S
20240116;100847;7061.000000000;57;9393998073;S
20240116;100847;7061.000000000;11;9393998074;S
20240116;100847;7060.500000000;100;9393998075;S
20240116;100847;7060.500000000;5;9393998076;S
20240116;100847;7060.500000000;5;9393998077;S
20240116;100847;7060.500000000;1;9393998078;S
20240116;100847;7060.500000000;1;9393998079;S
20240116;100847;7060.500000000;50;9393998080;S
20240116;100847;7060.500000000;1;9393998081;S
20240116;100847;7060.500000000;100;9393998082;S
20240116;100847;7060.000000000;1;9393998083;S
20240116;100847;7060.000000000;10;9393998084;S
20240116;100847;7060.000000000;1;9393998085;S
20240116;100847;7060.000000000;7;9393998086;S
20240116;100847;7060.000000000;1;9393998087;S
20240116;100847;7060.000000000;10;9393998088;S
20240116;100847;7060.000000000;5;9393998089;S
20240116;100847;7060.000000000;5;9393998090;S
20240116;100847;7060.000000000;10;9393998091;S
20240116;100847;7060.000000000;5;9393998092;S
20240116;100847;7060.000000000;10;9393998093;S
20240116;100847;7060.000000000;1;9393998094;S
20240116;100847;7060.000000000;51;9393998095;S
20240116;100847;7060.500000000;10;9393998096;S
20240116;100847;7066.500000000;15;9393998127;B
20240116;100847;7066.500000000;20;9393998128;B
20240116;100847;7066.500000000;7;9393998129;B
20240116;100847;7067.500000000;5;9393998130;B
20240116;100847;7067.500000000;3;9393998131;B
20240116;100847;7067.500000000;37;9393998132;B
20240116;100847;7068.000000000;20;9393998133;B
20240116;100847;7068.000000000;63;9393998134;B
20240116;100847;7063.000000000;2;9393998172;S
20240116;100849;7064.000000000;2;9393998369;S
20240116;100859;7067.000000000;1;9393999750;B
20240116;100908;7065.000000000;2;9394001039;S
20240116;100908;7065.000000000;1;9394001055;S
20240116;100908;7065.000000000;15;9394001056;S
20240116;100908;7064.500000000;320;9394001057;S
20240116;100909;7064.500000000;12;9394001222;B
20240116;100911;7064.000000000;4;9394001338;S
20240116;100912;7064.000000000;6;9394001478;S
20240116;100912;7063.000000000;5;9394001479;S
20240116;100912;7062.500000000;15;9394001480;S
20240116;100912;7062.500000000;4;9394001481;S
20240116;100912;7062.000000000;2;9394001482;S
20240116;100912;7062.000000000;20;9394001483;S
20240116;100912;7062.000000000;2;9394001484;S
20240116;100912;7061.500000000;40;9394001485;S
20240116;100912;7061.000000000;2;9394001486;S
20240116;100912;7061.000000000;40;9394001487;S
20240116;100912;7060.500000000;42;9394001488;S
20240116;100912;7060.500000000;10;9394001489;S
20240116;100912;7060.000000000;99;9394001490;S
20240116;100912;7060.000000000;1;9394001491;S
20240116;100912;7060.000000000;200;9394001492;S
20240116;100912;7060.000000000;5;9394001493;S
20240116;100912;7060.000000000;50;9394001494;S
20240116;100912;7060.000000000;2;9394001495;S
20240116;100912;7060.000000000;5;9394001496;S
20240116;100912;7060.000000000;2;9394001497;S
20240116;100912;7060.000000000;10;9394001498;S
20240116;100912;7060.000000000;10;9394001499;S
20240116;100912;7060.000000000;5;9394001500;S
20240116;100912;7060.000000000;2;9394001501;S
20240116;100912;7060.000000000;70;9394001502;S
20240116;100912;7059.500000000;5;9394001503;S
20240116;100912;7059.500000000;20;9394001504;S
20240116;100912;7059.000000000;1;9394001505;S
20240116;100912;7059.000000000;5;9394001506;S
20240116;100912;7059.000000000;1;9394001507;S
20240116;100912;7058.500000000;5;9394001508;S
20240116;100912;7058.500000000;1;9394001509;S
20240116;100912;7058.500000000;11;9394001510;S
20240116;100912;7058.000000000;5;9394001511;S
20240116;100912;7058.000000000;29;9394001512;S
20240116;100912;7057.500000000;5;9394001513;S
20240116;100912;7057.500000000;20;9394001514;S
20240116;100912;7057.000000000;2;9394001515;S
20240116;100912;7057.000000000;10;9394001516;S
20240116;100912;7057.000000000;5;9394001517;S
20240116;100912;7056.500000000;100;9394001518;S
20240116;100912;7056.500000000;100;9394001519;S
20240116;100912;7056.500000000;1;9394001520;S
20240116;100912;7056.500000000;5;9394001521;S
20240116;100912;7056.500000000;1;9394001522;S
20240116;100912;7056.500000000;19;9394001523;S
20240116;100912;7057.000000000;4;9394001546;S
20240116;100912;7060.000000000;2;9394001548;S
20240116;100912;7057.000000000;2;9394001549;S
20240116;100913;7064.000000000;22;9394001599;B
20240116;100913;7064.500000000;7;9394001600;B
20240116;100913;7065.000000000;1;9394001601;B
20240116;100913;7060.000000000;4;9394001611;S
20240116;100913;7061.000000000;2;9394001641;S
20240116;100913;7061.000000000;13;9394001643;S
20240116;100913;7060.500000000;17;9394001644;S
20240116;100913;7060.500000000;11;9394001645;S
20240116;100913;7059.500000000;10;9394001646;S
20240116;100913;7060.000000000;10;9394001651;S
20240116;100913;7059.500000000;7;9394001652;S
20240116;100913;7059.000000000;2;9394001653;S
20240116;100913;7059.000000000;1;9394001654;S
20240116;100913;7059.500000000;7;9394001663;S
20240116;100913;7059.500000000;30;9394001664;S
20240116;100913;7057.500000000;3;9394001665;S
20240116;100921;7059.500000000;2;9394002553;S
20240116;100922;7059.500000000;10;9394002781;S
20240116;100922;7059.500000000;5;9394002782;S
20240116;100927;7060.000000000;1;9394003433;S
20240116;100927;7063.000000000;10;9394003434;B
20240116;100927;7059.500000000;2;9394003472;S
20240116;100929;7062.500000000;1;9394003667;B
20240116;100929;7062.500000000;11;9394003668;B
20240116;100932;7059.500000000;1;9394003962;S
20240116;100932;7063.000000000;12;9394004003;B
20240116;100932;7063.000000000;6;9394004004;B
20240116;100932;7063.000000000;35;9394004005;B
20240116;100933;7060.000000000;1;9394004242;S
20240116;100933;7060.000000000;2;9394004243;S
20240116;100934;7060.000000000;13;9394004407;S
20240116;100936;7062.500000000;1;9394004647;B
20240116;100937;7060.000000000;7;9394004728;S
20240116;100954;7060.500000000;15;9394006968;S
20240116;100954;7060.500000000;80;9394006969;S
20240116;100954;7060.500000000;4;9394006970;S
20240116;100954;7060.000000000;40;9394006971;S
20240116;100954;7060.000000000;1;9394006972;S
20240116;100954;7060.000000000;480;9394006973;S
20240116;100954;7059.500000000;150;9394006974;S
20240116;100954;7059.000000000;1;9394006975;S
20240116;100954;7059.000000000;12;9394006976;S
20240116;100954;7058.500000000;11;9394006977;S
20240116;100954;7058.000000000;1;9394006978;S
20240116;100954;7057.500000000;100;9394006979;S
20240116;100954;7057.500000000;20;9394006980;S
20240116;100954;7057.000000000;1;9394006981;S
20240116;100954;7057.000000000;100;9394006982;S
20240116;100954;7057.000000000;5;9394006983;S
20240116;100954;7057.000000000;20;9394006984;S
20240116;100954;7057.000000000;3;9394006985;S
20240116;100954;7056.500000000;8;9394006986;S
20240116;100954;7056.000000000;100;9394006987;S
20240116;100954;7056.000000000;100;9394006988;S
20240116;100954;7056.000000000;100;9394006989;S
20240116;100954;7056.000000000;5;9394006990;S
20240116;100954;7056.000000000;1;9394006991;S
20240116;100954;7056.000000000;2;9394006992;S
20240116;100954;7056.000000000;20;9394006993;S
20240116;100954;7056.000000000;2;9394006994;S
20240116;100954;7055.500000000;7;9394006995;S
20240116;100954;7055.500000000;100;9394006996;S
20240116;100954;7055.500000000;5;9394006997;S
20240116;100954;7055.500000000;50;9394006998;S
20240116;100954;7055.500000000;1;9394006999;S
20240116;100954;7055.500000000;1;9394007000;S
20240116;100954;7055.500000000;11;9394007001;S
20240116;100954;7055.500000000;100;9394007002;S
20240116;100954;7055.500000000;9;9394007003;S
20240116;100955;7060.500000000;1;9394007033;B
20240116;100956;7060.000000000;1;9394007225;B
20240116;100958;7059.500000000;2;9394007481;B
20240116;101004;7059.500000000;1;9394008152;S
20240116;101004;7059.500000000;35;9394008153;S
20240116;101004;7059.500000000;15;9394008154;S
20240116;101004;7059.000000000;9;9394008155;S
20240116;101004;7060.000000000;1;9394008174;B
20240116;101005;7059.500000000;32;9394008246;S
20240116;101005;7059.000000000;400;9394008247;S
20240116;101005;7057.500000000;68;9394008248;S
20240116;101006;7059.500000000;1;9394008328;B
20240116;101007;7056.500000000;1;9394008544;S
20240116;101007;7056.500000000;6;9394008545;S
20240116;101007;7056.500000000;2;9394008600;S
20240116;101008;7059.500000000;30;9394008682;B
20240116;101009;7056.500000000;51;9394008832;S
20240116;101009;7056.000000000;1;9394008833;S
20240116;101009;7056.000000000;8;9394008834;S
20240116;101009;7056.000000000;80;9394008835;S
20240116;101009;7055.500000000;30;9394008836;S
20240116;101009;7055.500000000;4;9394008837;S
20240116;101009;7055.000000000;1;9394008838;S
20240116;101009;7055.000000000;20;9394008839;S
20240116;101009;7055.000000000;218;9394008840;S
20240116;101009;7055.000000000;50;9394008841;S
20240116;101009;7055.000000000;100;9394008842;S
20240116;101009;7055.000000000;5;9394008843;S
20240116;101009;7055.000000000;1;9394008844;S
20240116;101009;7055.000000000;16;9394008845;S
20240116;101009;7055.000000000;12;9394008846;S
20240116;101009;7055.000000000;500;9394008847;S
20240116;101009;7055.000000000;5;9394008848;S
20240116;101009;7055.000000000;30;9394008849;S
20240116;101009;7055.000000000;6;9394008850;S
20240116;101009;7055.000000000;1;9394009018;B
20240116;101009;7054.500000000;5;9394009075;S
20240116;101009;7054.000000000;1;9394009076;S
20240116;101009;7054.000000000;5;9394009077;S
20240116;101009;7054.000000000;289;9394009078;S
20240116;101009;7055.000000000;3;9394009081;B
20240116;101010;7054.000000000;1;9394009186;B
20240116;101010;7054.000000000;1;9394009196;B
20240116;101010;7054.000000000;10;9394009210;B
20240116;101010;7054.000000000;30;9394009211;B
20240116;101010;7054.000000000;1;9394009216;B
20240116;101010;7053.500000000;3;9394009252;S
20240116;101010;7054.000000000;2;9394009268;B
20240116;101010;7054.000000000;2;9394009269;B
20240116;101010;7055.000000000;1;9394009270;B
20240116;101013;7053.500000000;1;9394009783;S
20240116;101014;7053.500000000;1;9394010005;S
20240116;101014;7053.500000000;1;9394010006;S
20240116;101014;7053.000000000;5;9394010007;S
20240116;101015;7053.000000000;2;9394010078;S
20240116;101015;7053.000000000;15;9394010079;S
20240116;101015;7053.000000000;1;9394010080;S
20240116;101015;7052.500000000;24;9394010081;S
20240116;101015;7053.500000000;5;9394010156;B
20240116;101015;7053.000000000;11;9394010163;S
20240116;101018;7053.000000000;1;9394010709;B
20240116;101019;7054.000000000;2;9394010913;B
20240116;101019;7055.000000000;8;9394010914;B
20240116;101024;7053.500000000;10;9394011815;S
20240116;101024;7053.500000000;3;9394011816;S
20240116;101024;7053.000000000;12;9394011817;S
20240116;101024;7053.000000000;1;9394011818;S
20240116;101024;7053.000000000;160;9394011819;S
20240116;101024;7052.500000000;76;9394011820;S
20240116;101024;7052.500000000;5;9394011821;S
20240116;101024;7052.500000000;1;9394011822;S
20240116;101024;7052.000000000;5;9394011823;S
20240116;101024;7052.000000000;1;9394011824;S
20240116;101024;7052.000000000;2;9394011825;S
20240116;101024;7052.000000000;6;9394011826;S
20240116;101024;7051.500000000;10;9394011827;S
20240116;101024;7051.500000000;5;9394011828;S
20240116;101024;7051.500000000;8;9394011829;S
20240116;101024;7052.000000000;1;9394011911;S
20240116;101024;7052.000000000;5;9394011912;S
20240116;101024;7051.500000000;8;9394011913;S
20240116;101027;7053.000000000;9;9394012194;S
20240116;101027;7054.000000000;1;9394012250;B
20240116;101027;7054.000000000;1;9394012251;B
20240116;101029;7053.500000000;1;9394012526;S
20240116;101029;7054.000000000;8;9394012543;B
20240116;101029;7054.500000000;1;9394012544;B
20240116;101029;7054.500000000;3;9394012545;B
20240116;101029;7055.000000000;1;9394012546;B
20240116;101033;7055.000000000;394;9394013417;B
20240116;101033;7055.000000000;169;9394013418;B
20240116;101033;7055.000000000;285;9394013419;B
20240116;101037;7059.500000000;1;9394013877;S
20240116;101037;7059.000000000;2;9394013878;S
20240116;101037;7058.500000000;4;9394013879;S
20240116;101037;7060.000000000;1;9394013913;B
20240116;101038;7061.000000000;1;9394014058;B
20240116;101039;7059.000000000;1;9394014327;S
20240116;101043;7061.500000000;2;9394014784;B
20240116;101044;7062.500000000;2;9394014927;B
20240116;101044;7062.500000000;1;9394014928;B
20240116;101057;7063.000000000;1;9394016746;B
20240116;101100;7060.500000000;2;9394017181;S
20240116;101100;7060.500000000;2;9394017182;S
20240116;101100;7060.500000000;1;9394017183;S
20240116;101100;7060.000000000;1;9394017184;S
20240116;101100;7060.000000000;1;9394017185;S
20240116;101100;7060.000000000;320;9394017186;S
20240116;101100;7058.000000000;47;9394017187;S
20240116;101100;7058.500000000;20;9394017218;B
20240116;101100;7058.500000000;11;9394017219;B
20240116;101100;7058.500000000;2;9394017220;B
20240116;101100;7058.500000000;17;9394017221;B
20240116;101104;7055.500000000;11;9394017925;B
20240116;101107;7055.000000000;7;9394018344;S
20240116;101107;7055.500000000;1;9394018417;B
20240116;101108;7055.000000000;1;9394018518;S
20240116;101109;7055.500000000;8;9394018749;B
20240116;101109;7056.000000000;1;9394018750;B
20240116;101113;7057.000000000;1;9394019308;B
20240116;101113;7057.500000000;1;9394019309;B
20240116;101122;7056.500000000;1;9394020645;B
20240116;101126;7057.500000000;1;9394020990;B
20240116;101126;7057.500000000;1;9394020991;B
20240116;101131;7056.000000000;2;9394022248;S
20240116;101131;7056.000000000;1;9394022249;S
20240116;101131;7055.500000000;1;9394022250;S
20240116;101137;7055.000000000;7;9394023835;S
20240116;101140;7055.500000000;5;9394024138;B
20240116;101141;7055.000000000;5;9394024331;S
20240116;101141;7055.000000000;5;9394024332;S
20240116;101141;7055.000000000;2;9394024383;S
20240116;101143;7055.500000000;2;9394024581;B
20240116;101149;7055.000000000;1;9394025380;S
20240116;101150;7055.000000000;5;9394025588;S
20240116;101152;7055.500000000;5;9394025953;B
20240116;101154;7055.500000000;1;9394026219;B
20240116;101154;7055.500000000;6;9394026245;B
20240116;101156;7055.000000000;2;9394026526;S
20240116;101156;7055.000000000;3;9394026527;S
20240116;101156;7055.500000000;1;9394026566;B
20240116;101157;7055.500000000;50;9394026726;B
20240116;101157;7055.500000000;11;9394026727;B
20240116;101157;7055.500000000;15;9394026728;B
20240116;101159;7055.500000000;1;9394026904;S
20240116;101159;7055.000000000;1;9394026905;S
20240116;101203;7056.000000000;1;9394027581;B
20240116;101207;7055.500000000;6;9394027994;S
20240116;101208;7056.000000000;11;9394028119;B
20240116;101208;7056.000000000;1;9394028120;B
20240116;101208;7056.500000000;1;9394028121;B
20240116;101210;7055.500000000;4;9394028421;S
20240116;101210;7055.000000000;196;9394028422;S
20240116;101210;7055.000000000;5;9394028423;S
20240116;101210;7055.000000000;5;9394028424;S
20240116;101210;7055.000000000;1;9394028425;S
20240116;101210;7055.000000000;1;9394028426;S
20240116;101210;7055.000000000;160;9394028427;S
20240116;101210;7055.000000000;1;9394028428;S
20240116;101210;7054.500000000;2;9394028429;S
20240116;101210;7053.500000000;1;9394028430;S
20240116;101210;7053.500000000;1;9394028431;S
20240116;101210;7053.000000000;15;9394028432;S
20240116;101213;7053.000000000;5;9394028832;S
20240116;101214;7054.500000000;1;9394028943;B
20240116;101217;7053.000000000;1;9394029384;S
20240116;101218;7053.000000000;1;9394029506;S
20240116;101218;7053.000000000;20;9394029507;S
20240116;101218;7052.500000000;2;9394029508;S
20240116;101218;7052.500000000;80;9394029509;S
20240116;101218;7052.000000000;20;9394029510;S
20240116;101218;7052.000000000;1;9394029511;S
20240116;101218;7052.000000000;1;9394029512;S
20240116;101218;7052.000000000;9;9394029513;S
20240116;101218;7051.500000000;260;9394029514;S
20240116;101218;7051.500000000;100;9394029515;S
20240116;101218;7051.500000000;5;9394029516;S
20240116;101218;7051.500000000;1;9394029517;S
20240116;101219;7054.500000000;1;9394029813;B
20240116;101221;7052.500000000;1;9394030300;S
20240116;101221;7052.000000000;70;9394030301;S
20240116;101221;7052.000000000;2;9394030302;S
20240116;101221;7052.000000000;80;9394030303;S
20240116;101221;7051.500000000;24;9394030304;S
20240116;101221;7051.000000000;1;9394030305;S
20240116;101221;7051.000000000;10;9394030306;S
20240116;101221;7051.000000000;5;9394030307;S
20240116;101221;7051.000000000;5;9394030308;S
20240116;101221;7051.000000000;100;9394030309;S
20240116;101221;7051.000000000;2;9394030310;S
20240116;101227;7051.500000000;1;9394031484;S
20240116;101227;7051.500000000;3;9394031485;S
20240116;101227;7051.000000000;98;9394031486;S
20240116;101227;7051.000000000;100;9394031487;S
20240116;101227;7051.000000000;100;9394031488;S
20240116;101227;7051.000000000;7;9394031489;S
20240116;101227;7051.000000000;100;9394031490;S
20240116;101227;7051.000000000;2;9394031491;S
20240116;101227;7051.000000000;15;9394031492;S
20240116;101227;7051.000000000;74;9394031493;S
20240116;101231;7053.000000000;1;9394033213;B
20240116;101231;7051.500000000;28;9394033287;S
20240116;101232;7053.000000000;1;9394033614;B
20240116;101233;7051.500000000;2;9394033950;S
20240116;101233;7051.500000000;1;9394034008;S
20240116;101234;7051.500000000;1;9394034131;S
20240116;101234;7051.500000000;7;9394034219;S
20240116;101234;7051.500000000;1;9394034232;S
20240116;101234;7051.500000000;1;9394034274;S
20240116;101234;7051.500000000;19;9394034448;S
20240116;101234;7051.000000000;1;9394034449;S
20240116;101234;7051.000000000;100;9394034450;S
20240116;101234;7051.000000000;100;9394034451;S
20240116;101234;7051.000000000;100;9394034452;S
20240116;101234;7051.000000000;60;9394034453;S
20240116;101234;7051.000000000;101;9394034454;S
20240116;101234;7051.000000000;160;9394034455;S
20240116;101234;7051.000000000;100;9394034456;S
20240116;101234;7051.000000000;100;9394034457;S
20240116;101234;7051.000000000;100;9394034458;S
20240116;101234;7051.000000000;139;9394034459;S
20240116;101234;7051.000000000;200;9394034460;S
20240116;101234;7051.000000000;122;9394034461;S
20240116;101234;7051.000000000;100;9394034462;S
20240116;101234;7051.000000000;1;9394034482;S
20240116;101234;7051.000000000;77;9394034483;S
20240116;101234;7051.000000000;100;9394034484;S
20240116;101234;7050.500000000;2;9394034519;S
20240116;101234;7050.500000000;1;9394034520;S
20240116;101234;7050.500000000;3;9394034521;S
20240116;101234;7050.500000000;7;9394034522;S
20240116;101234;7050.500000000;5;9394034523;S
20240116;101234;7050.500000000;50;9394034524;S
20240116;101234;7050.500000000;110;9394034525;S
20240116;101234;7050.000000000;2;9394034609;S
20240116;101234;7050.000000000;1;9394034618;S
20240116;101235;7051.500000000;1;9394034839;B
20240116;101235;7050.000000000;7;9394034917;S
20240116;101235;7050.000000000;1;9394034918;S
20240116;101235;7050.000000000;1;9394034919;S
20240116;101235;7050.000000000;11;9394034920;S
20240116;101235;7050.000000000;1;9394034922;S
20240116;101235;7050.000000000;8;9394035246;S
20240116;101235;7050.000000000;1;9394035247;S
20240116;101235;7050.000000000;1;9394035248;S
20240116;101235;7051.000000000;2;9394035250;B
20240116;101235;7050.000000000;1;9394035251;S
20240116;101235;7051.500000000;1;9394035261;B
20240116;101236;7050.000000000;1;9394035398;S
20240116;101236;7050.000000000;1;9394035399;S
20240116;101236;7050.000000000;25;9394035400;S
20240116;101236;7050.000000000;4;9394035401;S
20240116;101236;7050.000000000;4;9394035402;S
20240116;101236;7050.000000000;40;9394035403;S
20240116;101236;7050.000000000;5;9394035404;S
20240116;101236;7050.000000000;2;9394035405;S
20240116;101236;7050.000000000;1;9394035406;S
20240116;101236;7050.000000000;1;9394035407;S
20240116;101236;7050.000000000;5;9394035408;S
20240116;101236;7050.000000000;1;9394035409;S
20240116;101236;7050.000000000;6;9394035410;S
20240116;101236;7050.000000000;10;9394035411;S
20240116;101236;7050.000000000;100;9394035412;S
20240116;101236;7050.000000000;1;9394035413;S
20240116;101236;7050.000000000;50;9394035414;S
20240116;101236;7050.000000000;1;9394035415;S
20240116;101236;7050.000000000;1;9394035416;S
20240116;101236;7050.000000000;20;9394035417;S
20240116;101236;7050.000000000;1;9394035418;S
20240116;101236;7050.000000000;1;9394035419;S
20240116;101236;7050.000000000;2;9394035420;S
20240116;101236;7050.000000000;1;9394035421;S
20240116;101236;7050.000000000;1;9394035422;S
20240116;101236;7050.000000000;21;9394035423;S
20240116;101236;7050.000000000;1;9394035424;S
20240116;101236;7050.000000000;50;9394035425;S
20240116;101236;7050.000000000;5;9394035426;S
20240116;101236;7050.000000000;1;9394035427;S
20240116;101236;7050.000000000;40;9394035428;S
20240116;101236;7050.000000000;1;9394035429;S
20240116;101236;7050.000000000;1;9394035430;S
20240116;101236;7050.000000000;4;9394035431;S
20240116;101236;7050.000000000;168;9394035432;S
20240116;101236;7050.000000000;5;9394035433;S
20240116;101236;7050.000000000;1;9394035434;S
20240116;101236;7050.000000000;14;9394035435;S
20240116;101236;7050.000000000;20;9394035436;S
20240116;101236;7050.000000000;5;9394035437;S
20240116;101236;7050.000000000;20;9394035438;S
20240116;101236;7050.000000000;1;9394035439;S
20240116;101236;7050.000000000;5;9394035440;S
20240116;101236;7050.000000000;10;9394035441;S
20240116;101236;7050.000000000;1;9394035442;S
20240116;101236;7050.000000000;1;9394035443;S
20240116;101236;7050.000000000;35;9394035444;S
20240116;101236;7050.000000000;1;9394035445;S
20240116;101236;7050.000000000;1;9394035446;S
20240116;101236;7050.000000000;1;9394035447;S
20240116;101236;7050.000000000;1;9394035460;S
20240116;101236;7050.000000000;1;9394035478;S
20240116;101236;7050.500000000;1;9394035560;B
20240116;101236;7050.500000000;1;9394035604;B
20240116;101236;7050.000000000;1;9394035635;S
20240116;101236;7050.000000000;1;9394035636;S
20240116;101236;7050.000000000;5;9394035637;S
20240116;101236;7050.000000000;2;9394035638;S
20240116;101236;7050.000000000;30;9394035639;S
20240116;101236;7049.500000000;5;9394035640;S
20240116;101236;7049.500000000;1;9394035641;S
20240116;101236;7049.500000000;1;9394035642;S
20240116;101236;7049.500000000;5;9394035643;S
20240116;101236;7049.500000000;5;9394035644;S
20240116;101236;7049.500000000;94;9394035645;S
20240116;101236;7050.000000000;5;9394035651;S
20240116;101236;7049.000000000;5;9394035653;S
20240116;101236;7049.000000000;5;9394035654;S
20240116;101236;7048.500000000;2;9394035655;S
20240116;101236;7048.500000000;4;9394035656;S
20240116;101236;7048.500000000;9;9394035657;S
20240116;101236;7048.500000000;5;9394035658;S
20240116;101236;7048.500000000;5;9394035659;S
20240116;101236;7048.500000000;1;9394035660;S
20240116;101236;7048.500000000;3;9394035661;S
20240116;101236;7048.000000000;20;9394035662;S
20240116;101236;7048.000000000;2;9394035663;S
20240116;101236;7048.000000000;10;9394035664;S
20240116;101236;7048.000000000;4;9394035665;S
20240116;101236;7050.000000000;1;9394035688;B
20240116;101236;7050.000000000;1;9394035997;B
20240116;101236;7050.000000000;7;9394035998;B
20240116;101236;7048.000000000;1;9394035999;S
20240116;101236;7048.000000000;1;9394036000;S
20240116;101236;7048.000000000;12;9394036001;S
20240116;101237;7048.000000000;7;9394036133;S
20240116;101237;7048.500000000;27;9394036279;B
20240116;101237;7048.500000000;20;9394036280;B
20240116;101237;7049.000000000;2;9394036281;B
20240116;101237;7050.000000000;15;9394036282;B
20240116;101237;7050.000000000;136;9394036283;B
20240116;101242;7048.000000000;9;9394038219;S
20240116;101243;7048.500000000;1;9394038470;S
20240116;101245;7049.000000000;1;9394038863;B
20240116;101245;7049.000000000;1;9394038864;B
20240116;101245;7049.500000000;15;9394038865;B
20240116;101245;7050.000000000;14;9394038866;B
20240116;101246;7048.500000000;3;9394039110;S
20240116;101247;7048.000000000;30;9394039347;S
20240116;101252;7048.500000000;1;9394040549;S
20240116;101252;7048.500000000;789;9394040550;S
20240116;101252;7048.500000000;91;9394040551;S
20240116;101252;7048.000000000;42;9394040552;S
20240116;101252;7048.000000000;2;9394040553;S
20240116;101252;7048.000000000;66;9394040554;S
20240116;101252;7048.000000000;34;9394040555;S
20240116;101252;7048.000000000;2;9394040556;S
20240116;101252;7048.000000000;1;9394040557;S
20240116;101252;7048.000000000;1;9394040558;S
20240116;101252;7048.000000000;1;9394040559;S
20240116;101252;7047.500000000;5;9394040560;S
20240116;101252;7047.500000000;5;9394040561;S
20240116;101252;7047.000000000;1;9394040562;S
20240116;101252;7047.000000000;5;9394040563;S
20240116;101252;7047.000000000;1;9394040564;S
20240116;101252;7047.000000000;1;9394040565;S
20240116;101252;7046.500000000;5;9394040567;S
20240116;101252;7046.500000000;1;9394040568;S
20240116;101253;7046.000000000;4;9394040631;S
20240116;101253;7046.000000000;1;9394040632;S
20240116;101253;7046.000000000;3;9394040633;S
20240116;101253;7045.500000000;1;9394040676;S
20240116;101253;7046.000000000;11;9394040678;B
20240116;101253;7046.000000000;1;9394040679;B
20240116;101253;7045.500000000;2;9394040691;S
20240116;101253;7045.500000000;2;9394040699;S
20240116;101253;7045.500000000;13;9394040700;S
20240116;101253;7045.500000000;17;9394040745;S
20240116;101254;7045.500000000;30;9394040927;S
20240116;101254;7046.000000000;58;9394041002;B
20240116;101256;7046.000000000;10;9394041558;B
20240116;101256;7046.000000000;3;9394041616;B
20240116;101257;7045.500000000;86;9394041685;S
20240116;101258;7045.500000000;100;9394041912;S
20240116;101258;7045.500000000;54;9394041948;S
20240116;101258;7045.500000000;1;9394041949;S
20240116;101258;7045.000000000;1;9394041950;S
20240116;101258;7045.000000000;44;9394041951;S
20240116;101258;7045.000000000;56;9394042045;S
20240116;101258;7045.000000000;5;9394042046;S
20240116;101258;7045.000000000;1;9394042047;S
20240116;101258;7045.000000000;2;9394042048;S
20240116;101258;7045.000000000;5;9394042049;S
20240116;101258;7045.000000000;1;9394042050;S
20240116;101258;7045.000000000;1;9394042051;S
20240116;101258;7045.000000000;1;9394042052;S
20240116;101258;7045.000000000;1;9394042053;S
20240116;101258;7045.000000000;5;9394042054;S
20240116;101258;7045.000000000;3;9394042055;S
20240116;101258;7045.000000000;2;9394042056;S
20240116;101258;7045.000000000;5;9394042057;S
20240116;101258;7045.000000000;12;9394042058;S
20240116;101258;7045.500000000;5;9394042080;B
20240116;101258;7045.000000000;3;9394042169;S
20240116;101258;7045.000000000;1;9394042170;S
20240116;101258;7045.000000000;2;9394042171;S
20240116;101258;7045.000000000;1;9394042218;S
20240116;101258;7044.500000000;5;9394042219;S
20240116;101258;7044.500000000;14;9394042220;S
20240116;101258;7044.500000000;100;9394042221;S
20240116;101258;7045.000000000;12;9394042225;B
20240116;101259;7044.000000000;1;9394042336;S
20240116;101259;7044.000000000;14;9394042337;S
20240116;101259;7044.000000000;6;9394042346;S
20240116;101259;7044.000000000;1;9394042347;S
20240116;101259;7044.000000000;1;9394042348;S
20240116;101259;7044.000000000;5;9394042349;S
20240116;101259;7044.000000000;2;9394042350;S
20240116;101259;7044.500000000;1;9394042508;B
20240116;101300;7044.500000000;1;9394042619;B
20240116;101300;7044.500000000;3;9394042886;B
20240116;101300;7044.000000000;5;9394043012;S
20240116;101300;7044.000000000;4;9394043101;S
20240116;101300;7044.000000000;1;9394043131;B
20240116;101301;7044.000000000;15;9394043190;B
20240116;101301;7044.000000000;4;9394043198;B
20240116;101301;7043.500000000;5;9394043559;S
20240116;101301;7043.500000000;96;9394043560;S
20240116;101301;7043.500000000;54;9394043561;S
20240116;101301;7043.000000000;50;9394043563;S
20240116;101301;7043.000000000;5;9394043564;S
20240116;101301;7043.000000000;12;9394043565;S
20240116;101301;7043.000000000;1;9394043566;S
20240116;101301;7043.000000000;160;9394043567;S
20240116;101301;7042.500000000;1;9394043569;S
20240116;101301;7042.500000000;5;9394043570;S
20240116;101301;7042.500000000;1;9394043571;S
20240116;101301;7042.500000000;1;9394043572;S
20240116;101301;7042.500000000;1;9394043573;S
20240116;101302;7042.500000000;5;9394043691;B
20240116;101302;7042.000000000;40;9394043710;S
20240116;101302;7042.000000000;10;9394043711;S
20240116;101302;7042.000000000;5;9394043712;S
20240116;101302;7042.000000000;1;9394043713;S
20240116;101302;7041.500000000;1;9394043714;S
20240116;101302;7041.500000000;1;9394043715;S
20240116;101302;7042.500000000;1;9394043719;B
20240116;101302;7042.500000000;8;9394043730;B
20240116;101302;7042.500000000;1;9394043771;B
20240116;101302;7041.500000000;4;9394043843;S
20240116;101302;7041.500000000;40;9394043844;S
20240116;101302;7041.500000000;80;9394043845;S
20240116;101302;7041.000000000;1;9394043846;S
20240116;101302;7041.000000000;1;9394043847;S
20240116;101302;7041.000000000;1;9394043848;S
20240116;101302;7041.000000000;1;9394043849;S
20240116;101302;7041.000000000;10;9394043850;S
20240116;101302;7041.000000000;1;9394043851;S
20240116;101302;7041.000000000;70;9394043852;S
20240116;101302;7041.000000000;5;9394043853;S
20240116;101302;7041.000000000;18;9394043854;S
20240116;101302;7041.500000000;2;9394043984;B
20240116;101302;7042.000000000;1;9394044029;B
20240116;101303;7041.000000000;12;9394044246;S
20240116;101303;7041.500000000;1;9394044320;B
20240116;101304;7041.000000000;26;9394044370;S
20240116;101304;7041.000000000;25;9394044371;S
20240116;101304;7041.000000000;1;9394044372;S
20240116;101304;7041.000000000;1;9394044373;S
20240116;101304;7041.500000000;1;9394044446;B
20240116;101304;7040.500000000;5;9394044494;S
20240116;101304;7040.500000000;5;9394044495;S
20240116;101304;7040.500000000;27;9394044606;S
20240116;101304;7041.000000000;10;9394044609;B
20240116;101304;7041.000000000;1;9394044610;B
20240116;101304;7041.000000000;4;9394044611;B
20240116;101304;7041.000000000;5;9394044612;B
20240116;101305;7040.000000000;1;9394044696;S
20240116;101305;7040.000000000;1;9394044697;S
20240116;101305;7040.000000000;1;9394044698;S
20240116;101305;7040.000000000;3;9394044704;S
20240116;101305;7040.000000000;1;9394044705;S
20240116;101305;7040.000000000;1;9394044706;S
20240116;101305;7040.000000000;3;9394044707;S
20240116;101305;7040.000000000;1;9394044708;S
20240116;101305;7040.000000000;2;9394044709;S
20240116;101305;7040.000000000;1;9394044710;S
20240116;101305;7040.000000000;1;9394044711;S
20240116;101305;7040.000000000;1;9394044712;S
20240116;101305;7040.000000000;5;9394044713;S
20240116;101305;7040.000000000;30;9394044714;S
20240116;101305;7040.000000000;1;9394044715;S
20240116;101305;7040.000000000;10;9394044716;S
20240116;101305;7040.000000000;10;9394044717;S
20240116;101305;7040.000000000;1;9394044718;S
20240116;101305;7040.000000000;1;9394044719;S
20240116;101305;7040.000000000;5;9394044720;S
20240116;101305;7040.000000000;1;9394044721;S
20240116;101305;7040.000000000;1;9394044722;S
20240116;101305;7040.000000000;5;9394044723;S
20240116;101305;7040.000000000;1;9394044740;S
20240116;101305;7040.000000000;1;9394044741;S
20240116;101305;7039.500000000;5;9394044825;S
20240116;101305;7039.000000000;4;9394044846;S
20240116;101305;7040.000000000;6;9394044853;S
20240116;101305;7039.500000000;2;9394044872;S
20240116;101305;7039.000000000;1;9394044873;S
20240116;101305;7039.000000000;5;9394044874;S
20240116;101305;7040.000000000;1;9394044875;B
20240116;101305;7040.000000000;1;9394044886;B
20240116;101305;7039.000000000;1;9394044892;S
20240116;101305;7040.000000000;2;9394044924;B
20240116;101305;7040.000000000;3;9394044925;B
20240116;101305;7039.000000000;2;9394044955;S
20240116;101305;7039.000000000;2;9394044977;S
20240116;101305;7040.000000000;25;9394044993;B
20240116;101305;7040.000000000;3;9394044994;B
20240116;101305;7040.000000000;5;9394044995;B
20240116;101305;7040.000000000;4;9394044996;B
20240116;101305;7040.000000000;63;9394045041;S
20240116;101305;7039.500000000;2;9394045042;S
20240116;101305;7039.000000000;30;9394045043;S
20240116;101305;7039.000000000;128;9394045044;S
20240116;101305;7039.000000000;32;9394045055;S
20240116;101305;7038.500000000;5;9394045056;S
20240116;101305;7038.000000000;5;9394045057;S
20240116;101305;7038.000000000;2;9394045058;S
20240116;101305;7038.000000000;1;9394045059;S
20240116;101305;7038.000000000;2;9394045060;S
20240116;101305;7038.000000000;3;9394045061;S
20240116;101305;7039.500000000;2;9394045062;B
20240116;101305;7040.000000000;6;9394045063;B
20240116;101305;7040.000000000;2;9394045064;B
20240116;101305;7039.000000000;1;9394045072;S
20240116;101305;7039.000000000;1;9394045073;S
20240116;101305;7037.500000000;1;9394045074;S
20240116;101305;7040.000000000;1;9394045076;B
20240116;101306;7037.500000000;45;9394045195;S
20240116;101306;7037.500000000;5;9394045196;S
20240116;101306;7037.500000000;40;9394045197;S
20240116;101306;7037.500000000;4;9394045198;S
20240116;101306;7037.000000000;1;9394045199;S
20240116;101306;7037.000000000;2;9394045200;S
20240116;101306;7037.000000000;5;9394045201;S
20240116;101306;7037.000000000;1;9394045202;S
20240116;101306;7037.000000000;1;9394045203;S
20240116;101306;7037.000000000;20;9394045204;S
20240116;101306;7036.500000000;5;9394045205;S
20240116;101306;7036.500000000;20;9394045206;S
20240116;101306;7036.500000000;1;9394045207;S
20240116;101306;7036.000000000;3;9394045210;S
20240116;101306;7036.000000000;5;9394045211;S
20240116;101306;7036.000000000;1;9394045212;S
20240116;101306;7036.000000000;80;9394045213;S
20240116;101306;7035.500000000;5;9394045214;S
20240116;101306;7035.500000000;1;9394045215;S
20240116;101306;7035.000000000;55;9394045216;S
20240116;101306;7036.500000000;4;9394045234;S
20240116;101306;7035.000000000;26;9394045235;S
20240116;101306;7036.000000000;1;9394045300;S
20240116;101306;7039.000000000;1;9394045419;B
20240116;101306;7038.500000000;1;9394045420;B
20240116;101306;7039.000000000;10;9394045506;B
20240116;101306;7038.000000000;5;9394045507;S
20240116;101307;7038.000000000;1;9394045533;S
20240116;101307;7038.000000000;1;9394045627;S
20240116;101307;7037.500000000;1;9394045628;S
20240116;101307;7036.000000000;4;9394045629;S
20240116;101307;7036.000000000;1;9394045630;S
20240116;101307;7036.000000000;1;9394045757;S
20240116;101307;7035.500000000;1;9394045871;S
20240116;101307;7036.000000000;3;9394045996;S
20240116;101307;7036.000000000;50;9394045997;S
20240116;101307;7035.500000000;106;9394045998;S
20240116;101308;7036.000000000;3;9394046044;S
20240116;101308;7035.500000000;52;9394046045;S
20240116;101308;7035.000000000;1;9394046211;S
20240116;101308;7036.000000000;11;9394046454;B
20240116;101308;7036.500000000;1;9394046455;B
20240116;101308;7037.000000000;3;9394046456;B
20240116;101308;7037.500000000;15;9394046457;B
20240116;101308;7037.500000000;70;9394046458;B
20240116;101310;7035.500000000;15;9394046819;S
20240116;101310;7035.500000000;4;9394046820;S
20240116;101310;7035.500000000;1;9394046821;S
20240116;101310;7035.000000000;79;9394046822;S
20240116;101311;7037.000000000;1;9394047018;B
20240116;101311;7037.500000000;10;9394047089;B
20240116;101315;7036.000000000;5;9394048113;S
20240116;101315;7035.500000000;1;9394048114;S
20240116;101315;7035.500000000;4;9394048115;S
20240116;101315;7035.500000000;38;9394048116;S
20240116;101316;7036.500000000;1;9394048442;B
20240116;101316;7035.000000000;100;9394048443;S
20240116;101318;7036.500000000;1;9394048857;B
20240116;101318;7036.500000000;9;9394048868;B
20240116;101318;7036.500000000;20;9394048883;S
20240116;101318;7036.500000000;6;9394048940;S
20240116;101319;7036.500000000;1;9394048982;S
20240116;101323;7037.000000000;1;9394050185;B
20240116;101323;7036.500000000;9;9394050248;S
20240116;101323;7036.500000000;2;9394050306;S
20240116;101324;7037.000000000;1;9394050360;B
20240116;101324;7036.500000000;3;9394050693;S
20240116;101324;7036.500000000;11;9394050694;S
20240116;101326;7036.500000000;1;9394050978;S
20240116;101328;7036.500000000;8;9394051457;S
20240116;101328;7036.500000000;22;9394051458;S
20240116;101328;7037.000000000;4;9394051476;B
20240116;101328;7037.000000000;4;9394051477;B
20240116;101328;7037.000000000;2;9394051478;B
20240116;101328;7036.500000000;28;9394051582;S
20240116;101328;7036.500000000;1;9394051583;S
20240116;101328;7036.500000000;20;9394051584;S
20240116;101328;7036.500000000;6;9394051585;S
20240116;101329;7036.500000000;1;9394051675;B
20240116;101329;7035.500000000;10;9394051852;S
20240116;101329;7035.500000000;2;9394051853;S
20240116;101329;7035.500000000;2;9394051854;S
20240116;101331;7035.500000000;5;9394052336;B
20240116;101331;7035.000000000;5;9394052408;S
20240116;101333;7035.500000000;2;9394052902;B
20240116;101335;7035.500000000;1;9394053513;B
20240116;101335;7035.500000000;1;9394053517;B
20240116;101336;7035.500000000;1;9394053700;B
20240116;101336;7035.500000000;1;9394053701;B
20240116;101336;7036.500000000;6;9394053826;B
20240116;101337;7035.500000000;7;9394053901;S
20240116;101337;7037.000000000;10;9394053929;B
20240116;101338;7035.500000000;1;9394054074;S
20240116;101338;7035.500000000;8;9394054075;S
20240116;101338;7035.000000000;4;9394054076;S
20240116;101342;7035.500000000;1;9394055594;S
20240116;101342;7035.500000000;12;9394055595;S
20240116;101344;7035.500000000;4;9394056346;S
20240116;101344;7035.500000000;1;9394056374;S
20240116;101346;7036.500000000;3;9394056701;B
20240116;101346;7036.500000000;1;9394056704;B
20240116;101346;7037.000000000;9;9394056705;B
20240116;101346;7037.500000000;1;9394056719;B
20240116;101346;7036.000000000;5;9394056842;S
20240116;101349;7036.000000000;15;9394057544;S
20240116;101349;7036.000000000;1;9394057545;S
20240116;101349;7036.000000000;6;9394057546;S
20240116;101349;7035.500000000;8;9394057547;S
20240116;101349;7035.500000000;4;9394057591;S
20240116;101350;7035.500000000;7;9394057839;S
20240116;101351;7036.500000000;15;9394057979;S
20240116;101351;7035.500000000;47;9394057980;S
20240116;101351;7036.000000000;6;9394058080;S
20240116;101351;7035.500000000;14;9394058081;S
20240116;101354;7036.500000000;1;9394058542;B
20240116;101354;7036.000000000;1;9394058621;S
20240116;101354;7036.000000000;6;9394058622;S
20240116;101354;7035.500000000;70;9394058623;S
20240116;101354;7035.500000000;13;9394058624;S
20240116;101355;7035.500000000;1;9394058790;S
20240116;101355;7035.500000000;1;9394058807;S
20240116;101356;7036.500000000;75;9394059156;B
20240116;101356;7036.000000000;8;9394059202;S
20240116;101356;7036.000000000;92;9394059203;B
20240116;101358;7036.500000000;14;9394059619;S
20240116;101358;7036.000000000;1;9394059620;S
20240116;101358;7036.000000000;15;9394059621;S
20240116;101358;7035.500000000;185;9394059622;S
20240116;101358;7035.500000000;600;9394059623;S
20240116;101358;7035.500000000;1;9394059624;S
20240116;101358;7035.500000000;1;9394059625;S
20240116;101358;7035.500000000;15;9394059626;S
20240116;101358;7035.500000000;168;9394059627;S
20240116;101401;7036.000000000;3;9394060251;S
20240116;101404;7036.000000000;1;9394060823;S
20240116;101404;7037.500000000;10;9394060934;B
20240116;101407;7037.500000000;33;9394061522;B
20240116;101407;7037.500000000;1;9394061523;B
20240116;101407;7037.500000000;80;9394061524;B
20240116;101407;7038.000000000;321;9394061525;B
20240116;101407;7038.000000000;30;9394061526;B
20240116;101407;7039.000000000;5;9394061546;B
20240116;101407;7039.500000000;1;9394061547;B
20240116;101407;7038.000000000;7;9394061554;S
20240116;101407;7040.000000000;1;9394061642;B
20240116;101407;7040.000000000;6;9394061643;B
20240116;101407;7040.000000000;10;9394061644;B
20240116;101407;7041.000000000;3;9394061645;B
20240116;101410;7043.500000000;5;9394062160;B
20240116;101410;7043.500000000;71;9394062161;B
20240116;101410;7044.000000000;8;9394062162;B
20240116;101410;7044.000000000;11;9394062163;B
20240116;101410;7044.000000000;5;9394062164;B
20240116;101413;7044.500000000;1;9394062616;B
20240116;101414;7044.500000000;15;9394062922;B
20240116;101414;7045.000000000;1;9394062967;B
20240116;101416;7045.500000000;20;9394063304;B
20240116;101416;7046.000000000;7;9394063305;B
20240116;101416;7046.500000000;20;9394063306;B
20240116;101416;7047.000000000;65;9394063307;B
20240116;101416;7047.500000000;5;9394063308;B
20240116;101416;7047.500000000;80;9394063309;B
20240116;101416;7048.000000000;25;9394063310;B
20240116;101416;7048.000000000;1;9394063311;B
20240116;101416;7048.000000000;1;9394063312;B
20240116;101416;7048.000000000;1;9394063313;B
20240116;101416;7048.000000000;71;9394063314;B
20240116;101416;7048.500000000;1;9394063315;B
20240116;101416;7048.500000000;10;9394063316;B
20240116;101416;7048.500000000;20;9394063317;B
20240116;101416;7048.500000000;11;9394063318;B
20240116;101416;7049.000000000;1;9394063319;B
20240116;101416;7049.000000000;53;9394063320;B
20240116;101417;7049.000000000;1;9394063562;B
20240116;101418;7048.500000000;60;9394063610;S
20240116;101418;7048.500000000;15;9394063645;S
20240116;101418;7048.500000000;15;9394063655;S
20240116;101418;7048.500000000;9;9394063656;S
20240116;101420;7049.000000000;1;9394064043;B
20240116;101420;7048.500000000;20;9394064047;S
20240116;101420;7048.500000000;1;9394064048;S
20240116;101420;7048.000000000;2;9394064049;S
20240116;101420;7048.000000000;20;9394064053;B
20240116;101420;7048.000000000;80;9394064054;B
20240116;101420;7048.000000000;4;9394064055;B
20240116;101420;7048.000000000;3;9394064056;B
20240116;101424;7049.000000000;10;9394065033;B
20240116;101424;7046.500000000;4;9394065063;S
20240116;101424;7046.500000000;80;9394065064;S
20240116;101424;7046.500000000;1;9394065065;S
20240116;101424;7046.000000000;28;9394065066;S
20240116;101424;7046.000000000;87;9394065067;S
20240116;101425;7048.500000000;1;9394065192;B
20240116;101429;7044.500000000;1;9394066065;S
20240116;101432;7044.500000000;2;9394066432;S
20240116;101432;7044.500000000;18;9394066433;S
20240116;101432;7048.000000000;1;9394066483;B
20240116;101432;7047.500000000;9;9394066563;B
20240116;101437;7045.500000000;2;9394067308;S
20240116;101437;7045.000000000;1;9394067309;S
20240116;101437;7045.000000000;4;9394067310;S
20240116;101438;7044.500000000;1;9394067569;S
20240116;101443;7046.500000000;5;9394068448;B
20240116;101449;7046.500000000;1;9394069312;B
20240116;101452;7046.500000000;1;9394070133;B
20240116;101454;7046.000000000;19;9394070504;S
20240116;101454;7046.500000000;9;9394070524;B
20240116;101458;7046.500000000;1;9394070988;B
20240116;101459;7046.000000000;1;9394071190;S
20240116;101459;7046.000000000;7;9394071191;S
20240116;101459;7046.000000000;20;9394071192;S
20240116;101500;7047.000000000;1;9394071363;B
20240116;101501;7046.000000000;1;9394071459;S
20240116;101501;7046.000000000;1;9394071501;S
20240116;101501;7046.000000000;1;9394071502;S
20240116;101501;7046.000000000;1;9394071520;B
20240116;101502;7046.500000000;10;9394071686;B
20240116;101503;7047.000000000;19;9394072129;B
20240116;101503;7047.500000000;20;9394072130;B
20240116;101503;7047.500000000;11;9394072131;B
20240116;101503;7047.500000000;7;9394072132;B
20240116;101503;7048.000000000;100;9394072133;B
20240116;101503;7049.000000000;1;9394072134;B
20240116;101503;7049.000000000;1;9394072135;B
20240116;101503;7049.000000000;13;9394072136;B
20240116;101503;7049.000000000;20;9394072137;B
20240116;101503;7049.000000000;66;9394072138;B
20240116;101503;7049.500000000;2;9394072139;B
20240116;101503;7049.500000000;10;9394072140;B
20240116;101503;7049.500000000;20;9394072141;B
20240116;101503;7049.500000000;80;9394072142;B
20240116;101503;7050.000000000;45;9394072143;B
20240116;101503;7050.000000000;24;9394072144;B
20240116;101503;7050.000000000;61;9394072145;B
20240116;101504;7048.500000000;9;9394072699;B
20240116;101505;7050.000000000;1;9394073226;B
20240116;101505;7050.000000000;4;9394073363;B
20240116;101507;7049.000000000;7;9394073962;S
20240116;101508;7049.500000000;8;9394074281;B
20240116;101508;7050.000000000;2;9394074282;B
20240116;101510;7049.500000000;8;9394074609;B
20240116;101510;7049.500000000;12;9394074610;B
20240116;101510;7050.000000000;30;9394074692;B
20240116;101511;7050.000000000;10;9394074713;B
20240116;101511;7050.000000000;30;9394074779;B
20240116;101511;7050.000000000;10;9394074800;B
20240116;101512;7049.500000000;1;9394075095;B
20240116;101514;7048.500000000;15;9394075349;S
20240116;101514;7048.000000000;8;9394075350;S
20240116;101514;7048.000000000;80;9394075351;S
20240116;101514;7047.500000000;35;9394075352;S
20240116;101515;7048.500000000;14;9394075520;B
20240116;101516;7049.000000000;1;9394075607;B
20240116;101517;7048.500000000;140;9394075845;S
20240116;101519;7049.000000000;4;9394076353;B
20240116;101519;7049.000000000;1;9394076354;B
20240116;101519;7049.000000000;2;9394076355;B
20240116;101519;7049.500000000;7;9394076356;B
20240116;101519;7049.500000000;26;9394076357;B
20240116;101522;7049.500000000;20;9394076897;B
20240116;101524;7049.500000000;1;9394077201;B
20240116;101527;7050.000000000;25;9394077799;B
20240116;101529;7049.500000000;1;9394078060;S
20240116;101531;7050.000000000;40;9394078411;B
20240116;101532;7049.500000000;10;9394078587;S
20240116;101534;7049.500000000;1;9394078937;S
20240116;101537;7049.500000000;5;9394079484;S
20240116;101537;7049.500000000;2;9394079485;S
20240116;101537;7049.000000000;6;9394079486;S
20240116;101538;7049.500000000;9;9394079652;B
20240116;101538;7050.000000000;991;9394079653;B
20240116;101538;7050.000000000;1796;9394079657;B
20240116;101538;7050.000000000;1;9394079658;B
20240116;101538;7050.000000000;5;9394079659;B
20240116;101538;7050.000000000;3;9394079660;B
20240116;101538;7050.000000000;44;9394079661;B
20240116;101538;7050.000000000;10;9394079662;B
20240116;101538;7050.000000000;11;9394079663;B
20240116;101538;7050.000000000;5;9394079664;B
20240116;101538;7051.000000000;1;9394079665;B
20240116;101538;7051.000000000;1;9394079666;B
20240116;101538;7051.000000000;1;9394079667;B
20240116;101538;7051.000000000;1;9394079668;B
20240116;101538;7051.000000000;1;9394079669;B
20240116;101538;7051.000000000;1;9394079670;B
20240116;101538;7051.000000000;1;9394079671;B
20240116;101538;7051.000000000;1;9394079672;B
20240116;101538;7051.000000000;1;9394079673;B
20240116;101538;7051.000000000;1;9394079674;B
20240116;101538;7051.500000000;40;9394079675;B
20240116;101538;7051.500000000;10;9394079676;B
20240116;101538;7051.500000000;320;9394079677;B
20240116;101538;7055.000000000;15;9394079680;B
20240116;101538;7055.000000000;1;9394079681;B
20240116;101538;7055.000000000;57;9394079682;B
20240116;101538;7055.500000000;1;9394079692;B
20240116;101538;7055.500000000;2;9394079693;B
20240116;101538;7056.000000000;1;9394079694;B
20240116;101538;7052.500000000;10;9394079747;S
20240116;101539;7056.000000000;1;9394079953;B
20240116;101540;7056.000000000;2;9394080024;S
20240116;101543;7056.500000000;3;9394080524;B
20240116;101544;7056.500000000;2;9394080857;B
20240116;101544;7057.000000000;5;9394080858;B
20240116;101544;7057.000000000;10;9394080859;B
20240116;101544;7057.500000000;5;9394080860;B
20240116;101544;7058.000000000;5;9394080861;B
20240116;101544;7058.000000000;40;9394080862;B
20240116;101544;7058.500000000;5;9394080863;B
20240116;101544;7058.500000000;24;9394080864;B
20240116;101544;7059.000000000;277;9394080865;B
20240116;101545;7058.000000000;4;9394081004;B
20240116;101545;7058.500000000;2;9394081005;B
20240116;101549;7057.500000000;1;9394081904;S
20240116;101549;7057.500000000;80;9394081905;S
20240116;101549;7057.000000000;2;9394081916;S
20240116;101549;7057.000000000;110;9394081917;S
20240116;101549;7057.000000000;252;9394081918;S
20240116;101549;7057.000000000;6;9394081919;S
20240116;101549;7057.000000000;7;9394081920;S
20240116;101549;7057.000000000;414;9394081921;S
20240116;101549;7057.000000000;393;9394081922;S
20240116;101549;7057.000000000;414;9394081923;S
20240116;101549;7057.000000000;414;9394081924;S
20240116;101549;7057.000000000;70;9394081925;S
20240116;101549;7055.000000000;20;9394081926;S
20240116;101549;7053.000000000;5;9394081927;S
20240116;101551;7050.000000000;1;9394082769;S
20240116;101554;7050.000000000;2;9394083203;B
20240116;101555;7049.000000000;1;9394083397;S
20240116;101559;7050.000000000;2;9394083940;B
20240116;101600;7050.000000000;10;9394084143;B
20240116;101601;7050.000000000;1;9394084276;S
20240116;101603;7051.500000000;4;9394084695;B
20240116;101604;7050.000000000;8;9394084784;S
20240116;101604;7050.000000000;12;9394084814;S
20240116;101604;7050.000000000;1;9394084815;S
20240116;101604;7050.000000000;1;9394084816;S
20240116;101607;7049.000000000;3;9394085268;S
20240116;101607;7049.000000000;1;9394085269;S
20240116;101607;7049.000000000;2;9394085270;S
20240116;101608;7049.000000000;2;9394085651;S
20240116;101609;7049.500000000;1;9394085661;B
20240116;101612;7049.000000000;4;9394086446;B
20240116;101612;7049.500000000;5;9394086447;B
20240116;101614;7050.000000000;20;9394086775;B
20240116;101614;7049.500000000;10;9394086783;S
20240116;101616;7049.500000000;5;9394087118;S
20240116;101617;7051.500000000;15;9394087230;B
20240116;101617;7052.000000000;1;9394087231;B
20240116;101623;7051.000000000;1;9394088297;B
20240116;101625;7051.500000000;20;9394088573;B
20240116;101630;7052.500000000;10;9394089257;S
20240116;101632;7053.000000000;3;9394089601;B
20240116;101632;7054.500000000;4;9394089602;B
20240116;101632;7054.500000000;80;9394089603;B
20240116;101632;7055.000000000;11;9394089604;B
20240116;101632;7055.000000000;20;9394089605;B
20240116;101632;7055.000000000;20;9394089606;B
20240116;101632;7056.000000000;52;9394089607;B
20240116;101632;7056.000000000;15;9394089608;B
20240116;101632;7056.500000000;95;9394089609;B
20240116;101636;7056.000000000;3;9394090328;B
20240116;101636;7056.000000000;7;9394090329;B
20240116;101637;7055.500000000;1;9394090522;S
20240116;101637;7055.500000000;6;9394090523;S
20240116;101639;7056.000000000;2;9394090890;B
20240116;101650;7054.000000000;10;9394093707;S
20240116;101650;7053.500000000;160;9394093708;S
20240116;101650;7053.500000000;3;9394093709;S
20240116;101650;7052.500000000;1;9394093834;B
20240116;101653;7053.000000000;1;9394094181;B
20240116;101656;7052.500000000;1;9394094620;B
20240116;101656;7053.000000000;17;9394094621;B
20240116;101656;7052.000000000;1;9394094717;S
20240116;101656;7051.500000000;1;9394094718;S
20240116;101658;7051.500000000;5;9394094920;S
20240116;101658;7051.500000000;3;9394094921;S
20240116;101658;7051.000000000;2;9394094922;S
20240116;101707;7052.000000000;2;9394096534;S
20240116;101707;7051.500000000;3;9394096535;S
20240116;101707;7051.500000000;2;9394096536;S
20240116;101709;7051.000000000;10;9394096935;S
20240116;101709;7052.000000000;1;9394096989;B
20240116;101719;7052.000000000;1;9394098265;B
20240116;101722;7052.000000000;3;9394098771;B
20240116;101723;7052.000000000;7;9394098846;B
20240116;101723;7052.000000000;1;9394098847;B
20240116;101727;7052.000000000;2;9394099480;S
20240116;101727;7051.000000000;8;9394099481;S
20240116;101727;7051.000000000;3;9394099482;S
20240116;101727;7050.500000000;11;9394099483;S
20240116;101727;7050.500000000;80;9394099484;S
20240116;101727;7050.000000000;6;9394099485;S
20240116;101727;7050.000000000;2;9394099486;S
20240116;101727;7050.000000000;1;9394099537;S
20240116;101736;7052.000000000;1;9394101144;B
20240116;101736;7052.000000000;19;9394101145;B
20240116;101737;7050.500000000;3;9394101240;S
20240116;101737;7050.500000000;4;9394101241;S
20240116;101744;7052.500000000;38;9394102265;B
20240116;101744;7052.500000000;20;9394102266;B
20240116;101744;7052.000000000;1;9394102415;S
20240116;101744;7051.500000000;1;9394102477;S
20240116;101744;7051.500000000;3;9394102478;S
20240116;101747;7051.000000000;10;9394103061;B
20240116;101756;7051.000000000;20;9394104620;B
20240116;101759;7051.500000000;3;9394105046;S
20240116;101804;7051.000000000;21;9394106028;S
20240116;101804;7051.000000000;3;9394106029;S
20240116;101804;7051.000000000;80;9394106030;S
20240116;101804;7050.500000000;80;9394106031;S
20240116;101804;7050.000000000;2;9394106032;S
20240116;101804;7050.000000000;10;9394106033;S
20240116;101804;7050.000000000;4;9394106034;S
20240116;101807;7050.000000000;7;9394106652;S
20240116;101809;7050.000000000;5;9394106981;S
20240116;101809;7050.000000000;1;9394107031;S
20240116;101811;7052.500000000;1;9394107626;B
20240116;101814;7052.500000000;1;9394108143;B
20240116;101817;7050.000000000;1;9394108657;S
20240116;101823;7050.000000000;32;9394109926;S
20240116;101823;7050.000000000;1;9394109927;S
20240116;101823;7050.000000000;1;9394109928;S
20240116;101823;7050.000000000;1;9394109929;S
20240116;101831;7052.000000000;3;9394111303;B
20240116;101831;7052.500000000;1;9394111304;B
20240116;101834;7053.000000000;1;9394111770;B
20240116;101835;7053.000000000;1;9394111888;B
20240116;101837;7052.000000000;1;9394112135;S
20240116;101837;7051.500000000;6;9394112136;S
20240116;101850;7050.500000000;3;9394114210;S
20240116;101850;7050.500000000;80;9394114211;S
20240116;101850;7050.000000000;66;9394114212;S
20240116;101850;7050.000000000;5;9394114213;S
20240116;101850;7050.000000000;1;9394114214;S
20240116;101850;7050.000000000;1;9394114215;S
20240116;101850;7050.000000000;1;9394114216;S
20240116;101850;7050.000000000;43;9394114217;S
20240116;101858;7050.000000000;3;9394115224;S
20240116;101858;7050.000000000;7;9394115225;S
20240116;101901;7052.000000000;3;9394115788;B
20240116;101907;7050.000000000;7;9394116455;S
20240116;101909;7052.000000000;10;9394116720;B
20240116;101912;7052.500000000;1;9394116990;B
20240116;101913;7050.500000000;1;9394117207;S
20240116;101924;7052.500000000;1;9394118987;B
20240116;101927;7052.500000000;2;9394119461;B
20240116;101928;7050.500000000;2;9394119662;S
20240116;101937;7051.000000000;7;9394121118;S
20240116;101938;7052.000000000;1;9394121299;B
20240116;101940;7052.000000000;99;9394121732;B
20240116;101940;7052.500000000;196;9394121733;B
20240116;101940;7052.500000000;3;9394121734;B
20240116;101940;7053.000000000;107;9394121735;B
20240116;101940;7053.000000000;14;9394121736;B
20240116;101940;7053.000000000;1;9394121737;B
20240116;101940;7054.500000000;20;9394121738;B
20240116;101940;7055.000000000;1;9394121739;B
20240116;101940;7055.500000000;20;9394121740;B
20240116;101940;7055.500000000;39;9394121741;B
20240116;101940;7056.000000000;10;9394121742;B
20240116;101940;7056.000000000;1;9394121743;B
20240116;101940;7056.000000000;20;9394121744;B
20240116;101940;7056.000000000;3;9394121745;B
20240116;101940;7056.000000000;80;9394121746;B
20240116;101940;7056.500000000;205;9394121747;B
20240116;101940;7056.500000000;11;9394121748;B
20240116;101940;7057.500000000;30;9394121749;B
20240116;101940;7057.500000000;20;9394121750;B
20240116;101940;7058.000000000;11;9394121751;B
20240116;101940;7058.000000000;30;9394121752;B
20240116;101940;7058.000000000;7;9394121753;B
20240116;101940;7058.500000000;1;9394121754;B
20240116;101940;7058.500000000;1;9394121755;B
20240116;101940;7058.500000000;70;9394121756;B
20240116;101940;7058.500000000;1;9394121757;B
20240116;101940;7059.000000000;897;9394121758;B
20240116;101940;7059.000000000;1;9394121759;B
20240116;101940;7059.000000000;5;9394121760;B
20240116;101940;7059.000000000;35;9394121761;B
20240116;101940;7059.500000000;5;9394121762;B
20240116;101940;7060.000000000;5;9394121763;B
20240116;101940;7060.000000000;1;9394121764;B
20240116;101940;7060.000000000;1;9394121765;B
20240116;101940;7060.500000000;5;9394121766;B
20240116;101940;7060.500000000;20;9394121767;B
20240116;101940;7060.500000000;5;9394121768;B
20240116;101940;7060.500000000;3;9394121769;B
20240116;101940;7061.000000000;5;9394121770;B
20240116;101940;7061.500000000;5;9394121771;B
20240116;101940;7061.500000000;40;9394121772;B
20240116;101940;7062.000000000;5;9394121773;B
20240116;101940;7062.500000000;5;9394121774;B
20240116;101940;7062.000000000;3;9394121777;S
20240116;101940;7062.000000000;1;9394121778;S
20240116;101940;7062.000000000;12;9394121781;S
20240116;101941;7063.000000000;5;9394121797;B
20240116;101941;7063.500000000;1;9394121814;B
20240116;101942;7063.500000000;4;9394121970;B
20240116;101942;7064.000000000;4;9394121971;B
20240116;101942;7062.000000000;2;9394122051;S
20240116;101942;7064.000000000;1;9394122147;B
20240116;101942;7064.500000000;5;9394122257;B
20240116;101942;7065.000000000;5;9394122258;B
20240116;101943;7065.000000000;5;9394122371;B
20240116;101943;7065.000000000;5;9394122378;B
20240116;101943;7065.000000000;5;9394122379;B
20240116;101944;7065.500000000;2;9394122479;B
20240116;101944;7064.500000000;12;9394122485;S
20240116;101944;7064.000000000;3;9394122486;S
20240116;101944;7064.000000000;80;9394122487;S
20240116;101944;7063.500000000;20;9394122488;S
20240116;101944;7063.000000000;20;9394122489;S
20240116;101944;7063.000000000;15;9394122490;S
20240116;102001;7064.500000000;2;9394124950;S
20240116;102007;7062.500000000;3;9394126009;S
20240116;102007;7062.000000000;3;9394126010;S
20240116;102010;7062.500000000;4;9394126457;B
20240116;102013;7061.500000000;1;9394126848;S
20240116;102013;7061.500000000;8;9394126849;S
20240116;102013;7061.500000000;1;9394126850;S
20240116;102014;7062.000000000;1;9394127044;S
20240116;102014;7062.500000000;11;9394127080;B
20240116;102014;7063.000000000;3;9394127081;B
20240116;102014;7063.500000000;15;9394127082;B
20240116;102014;7063.500000000;71;9394127083;B
20240116;102015;7064.000000000;2;9394127310;B
20240116;102017;7064.000000000;100;9394127669;B
20240116;102017;7064.000000000;100;9394127721;B
20240116;102018;7064.000000000;180;9394127820;B
20240116;102018;7064.000000000;118;9394127821;B
20240116;102018;7064.500000000;11;9394127822;B
20240116;102018;7065.500000000;3;9394127823;B
20240116;102018;7066.000000000;5;9394127824;B
20240116;102018;7066.000000000;1;9394127858;S
20240116;102018;7066.500000000;5;9394127933;B
20240116;102019;7067.000000000;5;9394128086;B
20240116;102019;7067.500000000;5;9394128087;B
20240116;102020;7067.500000000;2;9394128378;S
20240116;102031;7067.500000000;10;9394130319;S
20240116;102032;7067.500000000;71;9394130348;S
20240116;102032;7067.500000000;729;9394130349;S
20240116;102032;7067.500000000;17;9394130350;S
20240116;102034;7063.500000000;3;9394130713;S
20240116;102034;7063.500000000;37;9394130714;S
20240116;102034;7063.500000000;2;9394130880;S
20240116;102034;7063.000000000;3;9394130881;S
20240116;102034;7063.000000000;5;9394130882;S
20240116;102035;7062.500000000;1;9394131004;S
20240116;102036;7064.500000000;3;9394131244;B
20240116;102037;7062.500000000;7;9394131467;S
20240116;102040;7064.500000000;1;9394132012;B
20240116;102042;7064.500000000;1;9394132284;B
20240116;102045;7063.000000000;1;9394132636;S
20240116;102050;7063.000000000;1;9394133452;S
20240116;102051;7064.000000000;5;9394133631;B
20240116;102058;7065.000000000;1;9394134862;B
20240116;102102;7064.000000000;1;9394135401;S
20240116;102105;7065.500000000;1;9394135950;B
20240116;102107;7065.000000000;7;9394136211;S
20240116;102109;7065.000000000;5;9394136451;S
20240116;102110;7064.500000000;1;9394136823;S
20240116;102110;7064.500000000;3;9394136824;S
20240116;102110;7064.500000000;1;9394136825;S
20240116;102111;7065.500000000;1;9394137046;B
20240116;102116;7065.500000000;1;9394137944;B
20240116;102116;7065.500000000;7;9394137945;B
20240116;102116;7065.500000000;1;9394137946;B
20240116;102117;7066.000000000;1;9394138170;B
20240116;102118;7065.500000000;5;9394138319;B
20240116;102121;7065.500000000;6;9394138943;S
20240116;102121;7065.500000000;2;9394138944;S
20240116;102121;7065.500000000;1;9394138945;S
20240116;102121;7065.000000000;2;9394138946;S
20240116;102121;7065.000000000;3;9394138947;S
20240116;102121;7065.000000000;1;9394138948;S
20240116;102133;7066.500000000;1;9394141073;B
20240116;102134;7064.500000000;2;9394141294;S
20240116;102137;7064.000000000;1;9394141642;S
20240116;102137;7064.000000000;3;9394141643;S
20240116;102137;7063.500000000;3;9394141644;S
20240116;102143;7064.000000000;4;9394142608;B
20240116;102145;7064.500000000;1;9394142878;B
20240116;102152;7064.500000000;1;9394144062;B
20240116;102152;7063.000000000;1;9394144100;S
20240116;102153;7064.500000000;1;9394144362;B
20240116;102154;7064.500000000;1;9394144707;B
20240116;102203;7063.000000000;10;9394146173;S
20240116;102204;7062.500000000;3;9394146371;S
20240116;102207;7062.500000000;7;9394146868;S
20240116;102210;7062.500000000;70;9394147438;S
20240116;102210;7062.000000000;15;9394147439;S
20240116;102210;7062.000000000;3;9394147440;S
20240116;102210;7062.000000000;12;9394147441;S
20240116;102218;7062.000000000;70;9394149099;S
20240116;102218;7062.000000000;2;9394149100;S
20240116;102218;7061.500000000;3;9394149101;S
20240116;102218;7061.500000000;5;9394149102;S
20240116;102232;7062.000000000;1;9394151694;S
20240116;102233;7062.000000000;10;9394152149;S
20240116;102235;7063.500000000;1;9394152557;B
20240116;102237;7062.500000000;1;9394152844;S
20240116;102237;7062.000000000;6;9394152845;S
20240116;102240;7062.000000000;5;9394153353;S
20240116;102240;7062.000000000;3;9394153354;S
20240116;102240;7061.500000000;2;9394153355;S
20240116;102241;7063.500000000;1;9394153455;B
20240116;102241;7063.500000000;15;9394153456;B
20240116;102241;7063.500000000;1;9394153475;S
20240116;102241;7063.500000000;1;9394153497;S
20240116;102241;7064.000000000;1;9394153597;B
20240116;102242;7063.500000000;5;9394153677;S
20240116;102243;7063.500000000;1;9394154096;S
20240116;102256;7063.000000000;2;9394156497;B
20240116;102258;7062.000000000;2;9394156735;S
20240116;102301;7062.000000000;3;9394157219;S
20240116;102307;7062.000000000;2;9394158099;S
20240116;102307;7061.500000000;5;9394158100;S
20240116;102316;7061.000000000;1;9394159384;S
20240116;102316;7061.000000000;80;9394159385;S
20240116;102318;7060.500000000;11;9394159577;S
20240116;102318;7060.500000000;3;9394159578;S
20240116;102318;7060.000000000;1;9394159579;S
20240116;102318;7060.000000000;1;9394159725;S
20240116;102331;7060.500000000;1;9394161451;B
20240116;102331;7060.000000000;1;9394161521;S
20240116;102331;7060.000000000;1;9394161522;S
20240116;102333;7061.000000000;10;9394161731;B
20240116;102333;7061.000000000;1;9394161732;B
20240116;102335;7062.000000000;1;9394161930;S
20240116;102335;7061.500000000;3;9394161931;S
20240116;102335;7061.500000000;15;9394161932;S
20240116;102336;7060.500000000;1;9394162032;S
20240116;102337;7060.500000000;7;9394162173;S
20240116;102343;7060.500000000;10;9394163309;S
20240116;102348;7060.500000000;2;9394164160;S
20240116;102348;7060.500000000;2;9394164161;S
20240116;102350;7061.500000000;1;9394164442;B
20240116;102351;7061.000000000;4;9394164475;B
20240116;102353;7060.500000000;1;9394164748;S
20240116;102353;7060.500000000;8;9394164767;S
20240116;102353;7060.500000000;3;9394164768;S
20240116;102353;7060.500000000;1;9394164769;S
20240116;102353;7060.500000000;38;9394164770;S
20240116;102353;7060.500000000;20;9394164771;S
20240116;102353;7060.000000000;49;9394164772;S
20240116;102353;7060.000000000;100;9394164773;S
20240116;102353;7060.000000000;200;9394164774;S
20240116;102406;7060.000000000;10;9394166735;S
20240116;102407;7060.000000000;1;9394166974;S
20240116;102407;7060.000000000;1;9394166975;S
20240116;102407;7060.000000000;4;9394166976;S
20240116;102407;7060.000000000;6;9394167021;S
20240116;102407;7060.000000000;4;9394167022;S
20240116;102411;7060.000000000;6;9394167753;S
20240116;102411;7060.000000000;10;9394167754;S
20240116;102411;7060.000000000;4;9394167755;S
20240116;102415;7061.500000000;2;9394168369;B
20240116;102419;7060.500000000;1;9394168938;S
20240116;102419;7060.500000000;9;9394168984;S
20240116;102422;7061.500000000;1;9394169266;B
20240116;102423;7061.500000000;8;9394169429;B
20240116;102423;7061.500000000;3;9394169430;B
20240116;102423;7062.500000000;15;9394169431;B
20240116;102423;7062.500000000;24;9394169432;B
20240116;102425;7062.500000000;1;9394169711;B
20240116;102437;7060.500000000;1;9394171133;S
20240116;102437;7060.500000000;6;9394171134;S
20240116;102442;7062.500000000;1;9394171837;B
20240116;102444;7061.000000000;11;9394172044;S
20240116;102444;7060.500000000;9;9394172045;S
20240116;102447;7061.000000000;1;9394172600;S
20240116;102447;7062.000000000;1;9394172625;B
20240116;102450;7062.000000000;1;9394173077;B
20240116;102459;7062.000000000;13;9394174120;S
20240116;102507;7062.000000000;7;9394175102;S
20240116;102513;7062.500000000;1;9394175818;B
20240116;102513;7062.000000000;10;9394175844;S
20240116;102515;7062.500000000;2;9394176013;B
20240116;102517;7062.500000000;13;9394176197;B
20240116;102518;7062.500000000;12;9394176302;S
20240116;102518;7062.000000000;5;9394176303;S
20240116;102518;7062.000000000;3;9394176304;S
20240116;102518;7062.000000000;400;9394176305;S
20240116;102518;7061.000000000;9;9394176306;S
20240116;102518;7060.500000000;6;9394176307;S
20240116;102518;7060.000000000;3;9394176308;S
20240116;102518;7060.000000000;20;9394176309;S
20240116;102518;7060.000000000;20;9394176310;S
20240116;102518;7060.000000000;1;9394176311;S
20240116;102518;7060.000000000;80;9394176312;S
20240116;102518;7059.500000000;60;9394176313;S
20240116;102518;7059.000000000;381;9394176314;S
20240116;102522;7061.000000000;1;9394176725;B
20240116;102523;7060.000000000;1;9394176906;S
20240116;102526;7061.000000000;3;9394177438;B
20240116;102526;7061.000000000;3;9394177439;B
20240116;102526;7061.000000000;1;9394177440;B
20240116;102528;7059.000000000;25;9394177695;S
20240116;102529;7059.500000000;4;9394177770;B
20240116;102529;7060.000000000;6;9394177771;B
20240116;102537;7059.000000000;7;9394178847;S
20240116;102543;7059.000000000;2000;9394179704;S
20240116;102543;7059.000000000;92;9394179705;S
20240116;102543;7059.000000000;3;9394179706;S
20240116;102543;7058.500000000;31;9394179707;S
20240116;102543;7058.500000000;107;9394179708;S
20240116;102543;7058.000000000;2;9394179709;S
20240116;102543;7058.000000000;21;9394179712;S
20240116;102543;7058.000000000;2;9394179714;S
20240116;102543;7058.000000000;1;9394179715;S
20240116;102543;7055.000000000;1;9394179719;S
20240116;102543;7054.500000000;1;9394179720;S
20240116;102544;7054.500000000;4;9394179728;S
20240116;102544;7054.500000000;29;9394179729;S
20240116;102556;7056.500000000;3;9394181204;B
20240116;102604;7059.500000000;1;9394181957;B
20240116;102607;7056.500000000;4;9394182370;S
20240116;102607;7056.000000000;3;9394182371;S
20240116;102609;7059.500000000;5;9394182737;B
20240116;102609;7060.000000000;4;9394182738;B
20240116;102609;7060.000000000;1;9394182739;B
20240116;102614;7058.000000000;15;9394183557;S
20240116;102614;7058.000000000;34;9394183558;S
20240116;102629;7058.000000000;2;9394185410;S
20240116;102630;7058.000000000;11;9394185588;S
20240116;102630;7058.000000000;2;9394185589;S
20240116;102630;7057.500000000;16;9394185590;S
20240116;102637;7057.000000000;1;9394186483;S
20240116;102637;7057.000000000;6;9394186484;S
20240116;102639;7059.000000000;1;9394186729;B
20240116;102651;7059.000000000;1;9394188365;B
20240116;102656;7059.000000000;1;9394188997;S
20240116;102656;7059.000000000;1;9394188998;S
20240116;102656;7060.000000000;2;9394188999;B
20240116;102701;7060.000000000;1;9394190060;B
20240116;102707;7057.500000000;4;9394190866;S
20240116;102707;7057.500000000;3;9394190867;S
20240116;102710;7059.500000000;1;9394191203;B
20240116;102718;7060.000000000;1;9394192429;B
20240116;102720;7060.000000000;2;9394192609;S
20240116;102724;7060.000000000;16;9394193008;S
20240116;102727;7060.500000000;4;9394193394;B
20240116;102729;7060.500000000;1;9394193649;S
20240116;102729;7060.500000000;1;9394193665;S
20240116;102731;7060.500000000;4;9394193873;S
20240116;102732;7060.500000000;1;9394194072;S
20240116;102732;7060.500000000;1;9394194083;S
20240116;102732;7060.500000000;1;9394194086;S
20240116;102732;7060.500000000;1;9394194101;S
20240116;102732;7060.500000000;1;9394194104;S
20240116;102734;7060.000000000;34;9394194456;S
20240116;102734;7060.000000000;4;9394194457;S
20240116;102734;7060.000000000;1;9394194458;S
20240116;102734;7060.000000000;13;9394194459;S
20240116;102734;7059.500000000;32;9394194460;S
20240116;102737;7057.000000000;1;9394194741;S
20240116;102737;7057.000000000;6;9394194742;S
20240116;102740;7059.500000000;1;9394195076;B
20240116;102750;7060.000000000;1;9394196162;B
20240116;102750;7060.000000000;4;9394196163;B
20240116;102751;7060.000000000;24;9394196266;S
20240116;102752;7060.000000000;2;9394196345;S
20240116;102752;7060.000000000;12;9394196356;S
20240116;102752;7059.500000000;16;9394196357;S
20240116;102756;7060.500000000;1;9394196889;B
20240116;102757;7060.500000000;80;9394197034;B
20240116;102757;7060.500000000;4;9394197035;B
20240116;102757;7060.500000000;1;9394197036;B
20240116;102757;7061.000000000;1;9394197037;B
20240116;102757;7061.000000000;5;9394197038;B
20240116;102757;7061.000000000;3;9394197039;B
20240116;102757;7061.000000000;11;9394197040;B
20240116;102757;7062.500000000;11;9394197041;B
20240116;102757;7062.500000000;20;9394197042;B
20240116;102757;7062.500000000;9;9394197043;B
20240116;102758;7057.500000000;5;9394197121;S
20240116;102758;7057.500000000;4;9394197122;S
20240116;102758;7057.500000000;1;9394197123;S
20240116;102758;7057.500000000;4;9394197124;S
20240116;102758;7057.500000000;3;9394197201;B
20240116;102807;7057.500000000;4;9394198546;S
20240116;102807;7057.500000000;2;9394198547;S
20240116;102808;7060.500000000;1;9394198624;B
20240116;102808;7060.500000000;1;9394198625;B
20240116;102818;7060.500000000;4;9394199793;B
20240116;102818;7060.500000000;1;9394199794;B
20240116;102818;7060.500000000;1;9394199808;S
20240116;102818;7060.500000000;1;9394199829;S
20240116;102818;7060.500000000;1;9394199835;S
20240116;102818;7060.500000000;1;9394199840;S
20240116;102821;7060.500000000;1;9394200242;S
20240116;102832;7061.000000000;1;9394202184;B
20240116;102837;7060.500000000;7;9394203247;S
20240116;102851;7060.500000000;1;9394206553;S
20240116;102852;7061.000000000;1;9394206642;B
20240116;102853;7060.500000000;2;9394206990;S
20240116;102905;7060.500000000;3;9394210772;S
20240116;102906;7060.500000000;1;9394211064;S
20240116;102907;7060.500000000;7;9394211332;S
20240116;102907;7060.500000000;3;9394211393;S
20240116;102912;7060.500000000;1;9394212778;S
20240116;102912;7060.500000000;75;9394212821;S
20240116;102917;7061.000000000;2;9394214143;B
20240116;102917;7060.500000000;50;9394214254;S
20240116;102919;7060.500000000;1;9394214839;S
20240116;102920;7060.500000000;3;9394214966;S
20240116;102923;7061.000000000;2;9394216022;B
20240116;102924;7061.000000000;4;9394216126;B
20240116;102924;7061.500000000;1;9394216127;B
20240116;102924;7061.500000000;4;9394216128;B
20240116;102924;7061.500000000;3;9394216129;B
20240116;102924;7062.000000000;15;9394216130;B
20240116;102924;7062.500000000;26;9394216131;B
20240116;102930;7061.000000000;1;9394218167;B
20240116;102930;7061.000000000;1;9394218168;B
20240116;102930;7061.500000000;2;9394218169;B
20240116;102937;7060.500000000;7;9394220382;S
20240116;102938;7060.500000000;5;9394220696;S
20240116;102940;7062.000000000;3;9394221138;B
20240116;102940;7062.000000000;80;9394221160;B
20240116;102940;7062.500000000;65;9394221161;B
20240116;102940;7062.500000000;28;9394221162;B
20240116;102940;7062.500000000;11;9394221163;B
20240116;102941;7063.000000000;2;9394221432;B
20240116;102941;7062.500000000;1;9394221732;S
20240116;102947;7063.000000000;1;9394223443;B
20240116;102949;7063.000000000;1;9394223661;B
20240116;102949;7063.000000000;1;9394223868;B
20240116;102958;7062.500000000;14;9394225832;S
20240116;102958;7063.000000000;1;9394225891;B
20240116;103000;7062.500000000;1;9394226463;S
20240116;103000;7062.500000000;74;9394226464;S
20240116;103002;7060.500000000;24;9394227287;S
20240116;103002;7060.500000000;4;9394227288;S
20240116;103002;7060.500000000;18;9394227356;S
20240116;103002;7060.000000000;1;9394227361;S
20240116;103002;7060.000000000;4;9394227362;S
20240116;103002;7060.000000000;2;9394227363;S
20240116;103002;7060.000000000;3;9394227364;S
20240116;103004;7059.000000000;1;9394228005;B
20240116;103004;7059.000000000;20;9394228006;B
20240116;103004;7060.500000000;5;9394228007;B
20240116;103004;7061.500000000;15;9394228008;B
20240116;103004;7061.500000000;59;9394228009;B
20240116;103006;7062.500000000;50;9394228335;B
20240116;103006;7062.500000000;50;9394228336;B
20240116;103006;7063.000000000;4;9394228545;B
20240116;103006;7063.000000000;20;9394228546;B
20240116;103007;7062.000000000;7;9394228778;S
20240116;103009;7062.500000000;1;9394229427;B
20240116;103009;7062.000000000;1;9394229525;B
20240116;103011;7062.500000000;100;9394230102;B
20240116;103015;7062.500000000;25;9394231265;B
20240116;103020;7062.000000000;3;9394232638;B
20240116;103021;7061.500000000;1;9394232974;S
20240116;103022;7062.500000000;1;9394233192;B
20240116;103028;7061.500000000;10;9394234703;S
20240116;103028;7061.500000000;10;9394234886;B
20240116;103032;7061.500000000;2;9394235699;B
20240116;103033;7061.500000000;4;9394235970;B
20240116;103037;7061.500000000;1;9394236755;B
20240116;103037;7061.000000000;7;9394236898;S
20240116;103038;7061.500000000;2;9394236996;B
20240116;103041;7061.000000000;1;9394237882;S
20240116;103049;7059.000000000;6;9394240226;S
20240116;103051;7060.500000000;1;9394240545;S
20240116;103054;7061.000000000;1;9394241034;B
20240116;103057;7060.000000000;2;9394241691;S
20240116;103104;7060.500000000;4;9394242968;B
20240116;103107;7060.500000000;7;9394243455;S
20240116;103108;7061.000000000;3;9394243530;B
20240116;103110;7061.000000000;1;9394243832;B
20240116;103113;7061.000000000;5;9394244323;B
20240116;103116;7061.500000000;1;9394244848;B
20240116;103116;7061.500000000;1;9394244849;B
20240116;103119;7061.000000000;1;9394245346;S
20240116;103119;7061.000000000;9;9394245347;S
20240116;103120;7060.500000000;2;9394245581;B
20240116;103123;7060.000000000;1;9394246114;S
20240116;103124;7060.000000000;1;9394246189;S
20240116;103128;7058.000000000;1;9394246716;S
20240116;103130;7058.500000000;2;9394246913;B
20240116;103132;7058.500000000;1;9394247206;B
20240116;103137;7058.000000000;1;9394248000;S
20240116;103137;7058.000000000;6;9394248001;S
20240116;103140;7059.500000000;1;9394248336;S
20240116;103140;7059.500000000;9;9394248337;S
20240116;103141;7060.000000000;2;9394248433;B
20240116;103145;7059.500000000;5;9394248865;S
20240116;103145;7059.500000000;5;9394248866;S
20240116;103147;7060.000000000;9;9394249132;B
20240116;103147;7060.000000000;4;9394249181;B
20240116;103147;7060.000000000;12;9394249186;B
20240116;103148;7060.500000000;1;9394249298;S
20240116;103149;7061.000000000;2;9394249359;B
20240116;103206;7060.500000000;30;9394251120;S
20240116;103207;7060.000000000;5;9394251328;S
20240116;103207;7060.000000000;1;9394251329;S
20240116;103208;7060.500000000;8;9394251472;B
20240116;103211;7060.000000000;2;9394251741;S
20240116;103212;7060.500000000;5;9394251825;S
20240116;103212;7060.000000000;20;9394251826;S
20240116;103212;7060.000000000;75;9394251827;S
20240116;103213;7059.000000000;2;9394252019;S
20240116;103216;7060.000000000;11;9394252356;B
20240116;103216;7060.000000000;1;9394252357;B
20240116;103216;7060.500000000;7;9394252358;B
20240116;103220;7059.500000000;1;9394252766;S
20240116;103232;7060.500000000;1;9394254242;B
20240116;103237;7060.000000000;1;9394254853;B
20240116;103237;7059.000000000;5;9394254882;S
20240116;103237;7059.000000000;2;9394254883;S
20240116;103244;7058.500000000;100;9394255661;S
20240116;103244;7058.500000000;260;9394255662;S
20240116;103246;7060.000000000;5;9394255910;B
20240116;103250;7061.000000000;3;9394256290;B
20240116;103250;7061.000000000;24;9394256291;B
20240116;103250;7061.000000000;6;9394256292;B
20240116;103250;7061.000000000;26;9394256293;B
20240116;103254;7058.500000000;5;9394256863;S
20240116;103304;7058.000000000;1;9394258254;S
20240116;103305;7058.000000000;1;9394258313;S
20240116;103305;7058.000000000;2;9394258314;S
20240116;103305;7058.000000000;4;9394258346;S
20240116;103305;7058.000000000;3;9394258376;S
20240116;103307;7058.000000000;7;9394258590;S
20240116;103312;7057.500000000;2;9394259128;S
20240116;103312;7057.500000000;1;9394259129;S
20240116;103312;7057.000000000;47;9394259130;S
20240116;103313;7057.500000000;1;9394259151;B
20240116;103315;7057.500000000;8;9394259439;B
20240116;103324;7058.500000000;1;9394260579;B
20240116;103326;7056.500000000;1;9394260929;S
20240116;103326;7056.500000000;6;9394260930;S
20240116;103329;7058.000000000;1;9394261739;S
20240116;103333;7058.500000000;1;9394262037;B
20240116;103333;7057.500000000;6;9394262041;S
20240116;103335;7056.500000000;1;9394262391;S
20240116;103337;7056.500000000;7;9394262676;S
20240116;103338;7056.000000000;1;9394262859;S
20240116;103338;7056.000000000;3;9394262860;S
20240116;103338;7056.000000000;11;9394262861;S
20240116;103340;7057.500000000;4;9394263186;B
20240116;103351;7056.000000000;1;9394264730;B
20240116;103351;7056.500000000;2;9394264766;B
20240116;103351;7057.000000000;1;9394264776;B
20240116;103354;7059.000000000;1;9394265231;B
20240116;103403;7059.000000000;14;9394266115;B
20240116;103403;7059.000000000;1;9394266116;B
20240116;103403;7056.000000000;25;9394266164;S
20240116;103405;7058.000000000;6;9394266397;S
20240116;103405;7057.000000000;1;9394266398;S
20240116;103405;7057.000000000;13;9394266399;S
20240116;103407;7057.000000000;2;9394266681;S
20240116;103407;7057.000000000;5;9394266682;S
20240116;103413;7059.000000000;1;9394267328;B
20240116;103426;7058.000000000;1;9394268731;S
20240116;103433;7059.500000000;1;9394269512;B
20240116;103436;7057.500000000;3;9394269831;S
20240116;103436;7057.500000000;2;9394269832;S
20240116;103437;7056.500000000;1;9394270014;S
20240116;103437;7056.500000000;1;9394270015;S
20240116;103437;7056.000000000;5;9394270016;S
20240116;103441;7057.500000000;1;9394270386;B
20240116;103445;7057.000000000;1;9394270718;S
20240116;103445;7056.500000000;9;9394270719;S
20240116;103449;7057.500000000;1;9394271098;B
20240116;103451;7059.000000000;1;9394271298;B
20240116;103454;7057.000000000;1;9394271584;S
20240116;103456;7056.500000000;4;9394271751;S
20240116;103457;7056.500000000;1;9394271833;S
20240116;103457;7056.500000000;3;9394271834;S
20240116;103501;7059.000000000;1;9394272203;B
20240116;103506;7057.500000000;17;9394272773;S
20240116;103507;7057.500000000;7;9394272931;S
20240116;103510;7059.500000000;6;9394273097;B
20240116;103510;7059.000000000;15;9394273105;S
20240116;103510;7059.000000000;7;9394273106;S
20240116;103510;7058.500000000;49;9394273107;S
20240116;103510;7058.000000000;23;9394273108;S
20240116;103510;7058.000000000;80;9394273109;S
20240116;103510;7057.500000000;126;9394273110;S
20240116;103510;7058.500000000;5;9394273234;B
20240116;103510;7059.500000000;25;9394273235;B
20240116;103529;7059.500000000;3;9394275528;B
20240116;103536;7059.000000000;11;9394276731;B
20240116;103536;7059.000000000;7;9394276732;B
20240116;103536;7059.500000000;32;9394276733;B
20240116;103537;7058.000000000;7;9394276929;S
20240116;103541;7059.500000000;9;9394277350;B
20240116;103541;7059.500000000;13;9394277532;B
20240116;103542;7059.000000000;2;9394277571;S
20240116;103551;7059.500000000;3;9394278606;B
