<DATE>;<TIME>;<LAST>;<VOL>;<ID>;<OPER>
20240202;095950;7126.500000000;2;9505770062;S
20240202;095950;7126.500000000;3;9505770063;S
20240202;095950;7126.500000000;1;9505770064;S
20240202;095950;7126.500000000;1;9505770065;S
20240202;095950;7126.500000000;1;9505770066;S
20240202;095950;7126.500000000;8;9505770067;S
20240202;095950;7126.500000000;2;9505770068;S
20240202;095950;7126.500000000;1;9505770069;S
20240202;095950;7126.500000000;2;9505770070;S
20240202;095950;7126.500000000;2;9505770071;S
20240202;095950;7126.500000000;1;9505770072;S
20240202;095950;7126.500000000;1;9505770073;S
20240202;095950;7126.500000000;6;9505770074;S
20240202;095950;7126.500000000;1;9505770075;B
20240202;095950;7126.500000000;1;9505770076;B
20240202;095950;7126.500000000;2;9505770077;S
20240202;095950;7126.500000000;8;9505770078;S
20240202;095950;7126.500000000;1;9505770079;B
20240202;095950;7126.500000000;2;9505770080;B
20240202;095950;7126.500000000;15;9505770081;B
20240202;095950;7126.500000000;2;9505770082;S
20240202;095950;7126.500000000;3;9505770083;S
20240202;095950;7126.500000000;5;9505770084;S
20240202;095950;7126.500000000;1;9505770085;B
20240202;095950;7126.500000000;2;9505770086;B
20240202;095950;7126.500000000;4;9505770087;B
20240202;095950;7126.500000000;1;9505770088;S
20240202;095950;7126.500000000;1;9505770089;B
20240202;095950;7126.500000000;1;9505770090;S
20240202;095950;7126.500000000;1;9505770091;B
20240202;095950;7126.500000000;3;9505770092;B
20240202;095950;7126.500000000;1;9505770093;B
20240202;095950;7126.500000000;2;9505770094;B
20240202;095950;7126.500000000;1;9505770095;B
20240202;095950;7126.500000000;6;9505770096;B
20240202;100000;7121.000000000;1;9505772769;S
20240202;100000;7126.500000000;3;9505772807;B
20240202;100000;7127.000000000;2;9505772808;B
20240202;100000;7126.000000000;1;9505772866;B
20240202;100000;7121.500000000;2;9505772988;B
20240202;100000;7121.500000000;5;9505773004;B
20240202;100000;7121.000000000;9;9505773023;S
20240202;100000;7121.000000000;1;9505773024;S
20240202;100000;7121.000000000;2;9505773034;S
20240202;100000;7121.000000000;30;9505773053;S
20240202;100000;7121.000000000;1;9505773091;S
20240202;100000;7121.000000000;1;9505773102;S
20240202;100000;7120.000000000;10;9505773165;S
20240202;100000;7120.500000000;8;9505773166;B
20240202;100000;7123.000000000;1;9505773466;B
20240202;100000;7124.500000000;3;9505773467;B
20240202;100000;7125.000000000;3;9505773468;B
20240202;100001;7122.000000000;16;9505773806;B
20240202;100001;7122.000000000;2;9505774202;S
20240202;100001;7121.500000000;4;9505774203;S
20240202;100001;7121.000000000;1;9505774204;S
20240202;100001;7122.000000000;10;9505774294;S
20240202;100001;7122.500000000;7;9505774373;S
20240202;100001;7125.500000000;3;9505774934;B
20240202;100002;7125.500000000;10;9505775012;B
20240202;100002;7125.500000000;1;9505775196;B
20240202;100003;7121.500000000;2;9505775641;S
20240202;100003;7121.000000000;1;9505775642;S
20240202;100003;7121.500000000;1;9505775797;S
20240202;100003;7121.000000000;1;9505775798;S
20240202;100003;7122.500000000;1;9505776039;B
20240202;100004;7122.000000000;3;9505776512;B
20240202;100004;7121.000000000;7;9505776515;S
20240202;100004;7120.500000000;1;9505776516;S
20240202;100004;7120.000000000;1;9505776517;S
20240202;100004;7121.500000000;10;9505776519;B
20240202;100004;7121.500000000;1;9505776520;B
20240202;100004;7120.000000000;1;9505776552;S
20240202;100004;7121.000000000;10;9505776555;B
20240202;100004;7121.000000000;6;9505776561;B
20240202;100004;7121.500000000;10;9505776564;B
20240202;100004;7121.000000000;4;9505776802;S
20240202;100004;7120.000000000;17;9505776803;S
20240202;100004;7121.000000000;13;9505776911;B
20240202;100004;7121.000000000;31;9505776914;B
20240202;100005;7121.500000000;8;9505776944;B
20240202;100005;7126.000000000;1;9505777398;B
20240202;100005;7127.000000000;3;9505777399;B
20240202;100005;7127.000000000;1;9505777400;B
20240202;100005;7127.000000000;1;9505777409;B
20240202;100005;7127.000000000;7;9505777410;B
20240202;100005;7127.000000000;1;9505777885;B
20240202;100005;7127.000000000;1;9505777886;B
20240202;100005;7125.500000000;2;9505777998;S
20240202;100005;7125.000000000;5;9505777999;S
20240202;100006;7127.000000000;10;9505778878;B
20240202;100006;7127.000000000;2;9505778879;B
20240202;100006;7125.500000000;1;9505779049;S
20240202;100006;7127.000000000;5;9505779500;B
20240202;100007;7125.000000000;9;9505779559;S
20240202;100008;7125.000000000;2;9505780429;S
20240202;100008;7127.000000000;3;9505780480;B
20240202;100009;7125.000000000;1;9505781130;S
20240202;100010;7125.000000000;1;9505781332;S
20240202;100010;7124.500000000;6;9505781333;S
20240202;100010;7127.500000000;1;9505781556;B
20240202;100010;7128.000000000;8;9505781559;B
20240202;100010;7128.000000000;2;9505781560;B
20240202;100010;7128.000000000;2;9505781776;B
20240202;100010;7128.000000000;10;9505781813;B
20240202;100011;7126.500000000;9;9505781897;S
20240202;100011;7128.000000000;1;9505782049;B
20240202;100012;7126.500000000;6;9505782347;S
20240202;100012;7126.000000000;10;9505782504;B
20240202;100012;7127.000000000;8;9505782529;B
20240202;100012;7127.000000000;2;9505782530;B
20240202;100012;7126.000000000;10;9505782531;S
20240202;100019;7124.500000000;2;9505784647;S
20240202;100020;7125.500000000;4;9505785658;S
20240202;100021;7126.000000000;2;9505786860;S
20240202;100021;7124.000000000;3;9505786861;S
20240202;100021;7125.500000000;1;9505786872;B
20240202;100021;7126.000000000;1;9505786875;B
20240202;100021;7125.500000000;1;9505787445;B
20240202;100022;7123.000000000;2;9505788260;S
20240202;100023;7123.000000000;3;9505788772;S
20240202;100023;7122.500000000;5;9505788773;S
20240202;100024;7121.000000000;3;9505789144;S
20240202;100024;7121.000000000;1;9505789165;S
20240202;100024;7121.000000000;3;9505789280;S
20240202;100024;7120.500000000;6;9505789281;S
20240202;100025;7120.500000000;2;9505789595;S
20240202;100025;7123.500000000;1;9505789613;B
20240202;100025;7120.000000000;2;9505789901;S
20240202;100026;7120.000000000;2;9505790365;S
20240202;100027;7120.000000000;107;9505791044;S
20240202;100027;7120.000000000;2;9505791045;S
20240202;100027;7120.000000000;1;9505791046;S
20240202;100027;7120.000000000;7;9505791047;S
20240202;100027;7120.000000000;2;9505791048;S
20240202;100027;7120.000000000;1;9505791164;B
20240202;100027;7119.500000000;4;9505791390;S
20240202;100029;7120.000000000;23;9505791995;B
20240202;100030;7119.500000000;2;9505792319;S
20240202;100031;7120.000000000;107;9505792851;B
20240202;100031;7124.500000000;1;9505792870;B
20240202;100031;7121.000000000;17;9505792908;S
20240202;100031;7124.000000000;21;9505792973;B
20240202;100031;7124.500000000;12;9505792974;B
20240202;100031;7124.500000000;28;9505792975;B
20240202;100031;7125.500000000;19;9505792976;B
20240202;100034;7128.000000000;20;9505794085;B
20240202;100038;7124.500000000;2;9505795040;S
20240202;100038;7124.500000000;1;9505795212;S
20240202;100038;7124.500000000;4;9505795442;S
20240202;100039;7125.000000000;4;9505795552;B
20240202;100039;7128.500000000;3;9505795595;B
20240202;100044;7126.500000000;3;9505797200;S
20240202;100044;7125.500000000;10;9505797201;S
20240202;100044;7125.500000000;11;9505797202;S
20240202;100044;7125.000000000;1;9505797203;S
20240202;100044;7125.000000000;10;9505797204;B
20240202;100044;7125.000000000;5;9505797349;B
20240202;100044;7125.000000000;11;9505797350;B
20240202;100045;7128.500000000;3;9505797543;B
20240202;100046;7125.000000000;2;9505797662;S
20240202;100047;7126.000000000;1;9505798026;B
20240202;100048;7125.500000000;1;9505798509;S
20240202;100048;7125.000000000;22;9505798510;S
20240202;100049;7124.000000000;50;9505798621;S
20240202;100049;7122.000000000;22;9505798622;S
20240202;100049;7121.500000000;28;9505798623;S
20240202;100049;7122.000000000;5;9505798626;S
20240202;100050;7122.000000000;2;9505799083;S
20240202;100056;7122.500000000;1;9505800716;B
20240202;100104;7122.000000000;1;9505802615;S
20240202;100105;7122.500000000;30;9505802745;B
20240202;100106;7122.500000000;3;9505802981;B
20240202;100106;7122.000000000;2;9505803070;S
20240202;100115;7123.000000000;3;9505804894;B
20240202;100115;7122.500000000;45;9505804932;S
20240202;100115;7122.000000000;5;9505804933;S
20240202;100117;7122.000000000;1;9505805245;S
20240202;100126;7122.500000000;1;9505807093;S
20240202;100134;7122.500000000;1;9505808775;S
20240202;100134;7122.000000000;5;9505808776;S
20240202;100134;7122.000000000;2;9505808777;S
20240202;100134;7122.000000000;2;9505808778;S
20240202;100134;7121.000000000;16;9505808779;S
20240202;100134;7121.000000000;10;9505808803;S
20240202;100137;7121.500000000;10;9505809453;B
20240202;100138;7121.500000000;3;9505809568;B
20240202;100145;7121.500000000;1;9505810992;B
20240202;100155;7121.000000000;14;9505812931;S
20240202;100203;7120.500000000;10;9505814684;S
20240202;100203;7120.500000000;12;9505814685;S
20240202;100216;7120.500000000;5;9505817211;S
20240202;100217;7121.000000000;1;9505817625;B
20240202;100217;7121.000000000;2;9505817626;B
20240202;100217;7121.000000000;22;9505817822;B
20240202;100219;7121.500000000;20;9505818407;S
20240202;100219;7121.500000000;1;9505818408;S
20240202;100219;7121.000000000;8;9505818409;S
20240202;100219;7121.000000000;1;9505818410;S
20240202;100220;7122.000000000;28;9505818600;B
20240202;100220;7122.500000000;1;9505818601;B
20240202;100220;7124.000000000;2;9505818602;B
20240202;100220;7124.000000000;1;9505818603;B
20240202;100222;7124.000000000;1;9505818870;S
20240202;100222;7124.000000000;10;9505818910;S
20240202;100227;7124.500000000;2;9505819836;B
20240202;100227;7124.500000000;1;9505819863;B
20240202;100238;7124.500000000;1;9505822598;B
20240202;100238;7124.500000000;9;9505822599;B
20240202;100250;7124.000000000;5;9505825419;S
20240202;100252;7124.000000000;9;9505825770;S
20240202;100302;7124.500000000;2;9505827952;B
20240202;100314;7124.500000000;1;9505830286;B
20240202;100315;7124.500000000;7;9505830683;B
20240202;100316;7124.000000000;13;9505830775;S
20240202;100318;7124.000000000;7;9505831292;S
20240202;100330;7124.000000000;12;9505833467;S
20240202;100330;7124.500000000;4;9505833512;B
20240202;100330;7124.500000000;10;9505833513;B
20240202;100330;7124.500000000;1;9505833514;B
20240202;100330;7125.000000000;5;9505833515;B
20240202;100331;7124.500000000;11;9505833767;S
20240202;100331;7124.500000000;4;9505833768;S
20240202;100332;7125.000000000;11;9505833816;B
20240202;100336;7125.000000000;10;9505835097;B
20240202;100338;7125.000000000;3;9505835584;B
20240202;100345;7125.000000000;1;9505837267;B
20240202;100345;7124.500000000;9;9505837299;S
20240202;100354;7124.500000000;2;9505839265;S
20240202;100354;7124.500000000;20;9505839266;S
20240202;100354;7124.500000000;49;9505839267;S
20240202;100355;7124.500000000;1;9505839717;S
20240202;100355;7124.500000000;2;9505839718;S
20240202;100355;7124.500000000;1;9505839719;S
20240202;100400;7125.000000000;10;9505840994;B
20240202;100413;7124.500000000;2;9505843537;S
20240202;100413;7125.000000000;6;9505843710;B
20240202;100419;7125.000000000;81;9505844991;B
20240202;100419;7125.000000000;1;9505844992;B
20240202;100419;7125.000000000;1;9505844993;B
20240202;100419;7125.000000000;4;9505844994;B
20240202;100419;7125.000000000;2;9505844995;B
20240202;100419;7125.000000000;11;9505844996;B
20240202;100419;7124.500000000;18;9505844997;S
20240202;100419;7124.500000000;32;9505844998;S
20240202;100419;7124.500000000;3;9505845052;S
20240202;100426;7125.000000000;9;9505846493;B
20240202;100426;7125.000000000;17;9505846494;B
20240202;100427;7125.000000000;3;9505846865;B
20240202;100427;7125.000000000;1;9505846866;B
20240202;100427;7125.000000000;8;9505846867;B
20240202;100429;7124.500000000;5;9505847081;S
20240202;100431;7125.000000000;20;9505847520;B
20240202;100431;7124.500000000;10;9505847601;S
20240202;100431;7124.500000000;1;9505847602;S
20240202;100431;7124.500000000;20;9505847603;S
20240202;100431;7124.000000000;969;9505847604;S
20240202;100431;7124.000000000;192;9505847668;S
20240202;100431;7124.000000000;1;9505847669;S
20240202;100447;7121.000000000;2;9505850427;B
20240202;100447;7123.000000000;1;9505850428;B
20240202;100452;7121.000000000;2;9505851312;S
20240202;100452;7121.000000000;8;9505851313;S
20240202;100458;7121.000000000;1;9505852331;B
20240202;100500;7121.000000000;1;9505852674;B
20240202;100501;7120.500000000;1;9505852853;S
20240202;100503;7120.500000000;1;9505853299;S
20240202;100503;7120.500000000;11;9505853300;S
20240202;100506;7120.000000000;2;9505853934;S
20240202;100506;7120.000000000;1;9505853935;S
20240202;100506;7120.000000000;3;9505853936;S
20240202;100507;7119.500000000;1;9505854083;S
20240202;100507;7119.500000000;1;9505854197;S
20240202;100507;7119.500000000;1;9505854204;S
20240202;100507;7119.500000000;1;9505854243;S
20240202;100507;7119.500000000;1;9505854245;S
20240202;100512;7119.500000000;4;9505855198;S
20240202;100513;7120.000000000;1;9505855438;B
20240202;100513;7120.000000000;1;9505855439;B
20240202;100513;7120.000000000;2;9505855440;B
20240202;100513;7120.000000000;7;9505855441;B
20240202;100513;7120.000000000;9;9505855442;B
20240202;100513;7120.000000000;4;9505855443;B
20240202;100513;7120.000000000;1;9505855444;B
20240202;100513;7120.000000000;1;9505855445;B
20240202;100513;7120.000000000;1;9505855446;B
20240202;100513;7121.000000000;6;9505855447;B
20240202;100513;7121.000000000;10;9505855448;B
20240202;100517;7120.000000000;1;9505856204;B
20240202;100518;7119.500000000;1;9505856233;S
20240202;100522;7120.000000000;1;9505857118;B
20240202;100522;7120.500000000;2;9505857119;B
20240202;100522;7120.500000000;7;9505857120;B
20240202;100525;7120.000000000;6;9505857553;B
20240202;100525;7120.000000000;2;9505857554;B
20240202;100525;7120.000000000;1;9505857618;S
20240202;100525;7120.500000000;1;9505857710;B
20240202;100528;7120.000000000;1;9505858066;S
20240202;100528;7120.000000000;7;9505858067;S
20240202;100528;7120.500000000;50;9505858068;B
20240202;100535;7120.000000000;2;9505859217;S
20240202;100537;7120.000000000;11;9505859605;S
20240202;100537;7120.000000000;2;9505859606;S
20240202;100537;7120.000000000;236;9505859607;S
20240202;100537;7120.000000000;1;9505859608;S
20240202;100547;7120.500000000;5;9505861540;B
20240202;100547;7120.500000000;5;9505861541;B
20240202;100548;7120.000000000;4;9505861766;S
20240202;100548;7120.000000000;1;9505861767;S
20240202;100548;7120.000000000;45;9505861768;S
20240202;100549;7120.000000000;55;9505862166;S
20240202;100549;7120.000000000;10;9505862167;S
20240202;100549;7120.000000000;15;9505862168;S
20240202;100602;7120.000000000;1;9505864949;S
20240202;100603;7120.000000000;4;9505864988;S
20240202;100603;7120.000000000;1;9505864989;S
20240202;100607;7120.000000000;5;9505865871;S
20240202;100611;7120.500000000;10;9505866828;B
20240202;100615;7120.500000000;1;9505867588;B
20240202;100616;7120.000000000;10;9505867871;S
20240202;100617;7120.500000000;1;9505868078;B
20240202;100619;7120.000000000;1;9505868288;S
20240202;100619;7120.000000000;9;9505868289;S
20240202;100620;7120.000000000;13;9505868696;S
20240202;100620;7120.000000000;1;9505868697;S
20240202;100625;7120.000000000;150;9505869874;S
20240202;100631;7120.000000000;7;9505871016;S
20240202;100631;7120.500000000;1;9505871041;B
20240202;100639;7120.000000000;3;9505872898;S
20240202;100641;7120.500000000;1;9505873318;B
20240202;100644;7120.000000000;48;9505874269;S
20240202;100644;7120.000000000;1;9505874270;S
20240202;100644;7119.500000000;19;9505874271;S
20240202;100644;7119.500000000;25;9505874272;S
20240202;100644;7119.500000000;2;9505874273;S
20240202;100644;7119.500000000;51;9505874274;S
20240202;100644;7119.500000000;2;9505874275;S
20240202;100644;7119.000000000;77;9505874276;S
20240202;100644;7119.000000000;1;9505874277;S
20240202;100644;7119.000000000;1;9505874278;S
20240202;100644;7119.000000000;10;9505874279;S
20240202;100644;7119.000000000;70;9505874280;S
20240202;100644;7119.000000000;2;9505874281;S
20240202;100644;7119.000000000;10;9505874282;S
20240202;100644;7119.000000000;100;9505874283;S
20240202;100644;7119.000000000;10;9505874284;S
20240202;100644;7119.000000000;10;9505874285;S
20240202;100644;7119.000000000;45;9505874286;S
20240202;100644;7119.000000000;1;9505874287;S
20240202;100644;7119.000000000;1;9505874288;S
20240202;100644;7119.000000000;30;9505874289;S
20240202;100644;7119.000000000;5;9505874290;S
20240202;100644;7118.500000000;12;9505874291;S
20240202;100644;7116.000000000;4;9505874292;S
20240202;100644;7115.500000000;20;9505874293;S
20240202;100644;7115.000000000;12;9505874294;S
20240202;100644;7113.000000000;20;9505874295;S
20240202;100644;7112.000000000;40;9505874296;S
20240202;100644;7111.500000000;20;9505874297;S
20240202;100644;7111.000000000;1;9505874298;S
20240202;100644;7111.000000000;1;9505874299;S
20240202;100644;7111.000000000;20;9505874300;S
20240202;100644;7109.500000000;11;9505874301;S
20240202;100644;7109.500000000;20;9505874302;S
20240202;100644;7109.000000000;1;9505874303;S
20240202;100644;7109.000000000;160;9505874304;S
20240202;100644;7109.000000000;2;9505874305;S
20240202;100644;7108.500000000;17;9505874306;S
20240202;100644;7108.000000000;18;9505874307;S
20240202;100644;7106.000000000;5;9505874311;S
20240202;100644;7108.500000000;1;9505874312;S
20240202;100644;7112.500000000;1;9505874327;B
20240202;100644;7106.500000000;1;9505874351;S
20240202;100644;7107.000000000;3;9505874409;B
20240202;100645;7105.000000000;1;9505874495;S
20240202;100645;7104.000000000;3;9505874544;S
20240202;100645;7103.500000000;11;9505874545;S
20240202;100645;7103.500000000;4;9505874611;S
20240202;100645;7103.000000000;4;9505874612;S
20240202;100645;7102.500000000;11;9505874648;S
20240202;100645;7103.500000000;1;9505874739;B
20240202;100645;7103.500000000;27;9505874740;B
20240202;100645;7106.500000000;1;9505874771;B
20240202;100646;7106.500000000;2;9505874811;B
20240202;100646;7105.000000000;1;9505874872;S
20240202;100646;7102.500000000;9;9505874873;S
20240202;100646;7102.500000000;19;9505874874;S
20240202;100646;7102.000000000;17;9505874875;S
20240202;100646;7102.000000000;11;9505874876;S
20240202;100646;7102.000000000;28;9505874877;S
20240202;100646;7102.000000000;12;9505874878;S
20240202;100646;7101.500000000;1;9505874879;S
20240202;100646;7101.000000000;1;9505874880;S
20240202;100646;7101.000000000;1;9505874881;S
20240202;100649;7105.500000000;1;9505875420;B
20240202;100654;7107.000000000;3;9505876399;B
20240202;100700;7103.000000000;1;9505877864;S
20240202;100700;7103.000000000;2;9505877865;S
20240202;100701;7103.000000000;1;9505877939;S
20240202;100704;7106.500000000;1;9505878547;B
20240202;100704;7106.500000000;1;9505878627;B
20240202;100704;7102.500000000;13;9505878665;S
20240202;100704;7102.500000000;2;9505878666;S
20240202;100704;7102.500000000;20;9505878667;S
20240202;100704;7102.000000000;1;9505878668;S
20240202;100704;7102.000000000;1;9505878669;S
20240202;100704;7101.500000000;50;9505878670;S
20240202;100704;7101.500000000;22;9505878671;S
20240202;100704;7101.000000000;41;9505878672;S
20240202;100707;7105.500000000;11;9505879498;B
20240202;100707;7106.000000000;8;9505879499;B
20240202;100707;7106.000000000;2;9505879500;B
20240202;100707;7106.500000000;21;9505879501;B
20240202;100717;7106.000000000;2;9505881635;B
20240202;100717;7106.500000000;1;9505881636;B
20240202;100717;7106.500000000;7;9505881637;B
20240202;100718;7107.000000000;1;9505881924;B
20240202;100723;7106.000000000;3;9505883087;B
20240202;100723;7106.000000000;2;9505883088;B
20240202;100724;7107.000000000;53;9505883366;B
20240202;100726;7109.000000000;1;9505883851;S
20240202;100727;7112.000000000;28;9505884014;B
20240202;100727;7112.500000000;2;9505884015;B
20240202;100727;7113.000000000;11;9505884016;B
20240202;100727;7113.500000000;4;9505884017;B
20240202;100728;7109.500000000;2;9505884317;S
20240202;100728;7109.000000000;12;9505884318;S
20240202;100730;7109.500000000;1;9505884895;S
20240202;100730;7109.000000000;22;9505884896;S
20240202;100731;7113.500000000;10;9505885401;B
20240202;100733;7109.500000000;2;9505885692;S
20240202;100733;7108.500000000;2;9505885693;S
20240202;100733;7108.500000000;2;9505885694;S
20240202;100734;7108.000000000;20;9505885998;S
20240202;100734;7108.000000000;2;9505885999;S
20240202;100734;7107.500000000;22;9505886000;S
20240202;100734;7107.000000000;10;9505886001;S
20240202;100734;7107.000000000;40;9505886002;S
20240202;100734;7106.500000000;1;9505886003;S
20240202;100734;7106.000000000;229;9505886004;S
20240202;100734;7106.500000000;10;9505886005;S
20240202;100734;7106.000000000;30;9505886006;S
20240202;100737;7106.500000000;18;9505886710;S
20240202;100737;7106.000000000;282;9505886711;S
20240202;100744;7106.000000000;260;9505888011;S
20240202;100745;7106.000000000;1;9505888128;S
20240202;100746;7106.000000000;2;9505888245;S
20240202;100746;7106.000000000;15;9505888293;S
20240202;100747;7106.000000000;1;9505888513;S
20240202;100748;7106.500000000;1;9505888695;B
20240202;100807;7109.000000000;1;9505892887;B
20240202;100807;7109.000000000;1;9505892888;B
20240202;100807;7109.000000000;3;9505892889;B
20240202;100807;7109.000000000;2;9505892890;B
20240202;100811;7109.000000000;10;9505893493;S
20240202;100817;7109.000000000;1;9505894507;S
20240202;100827;7109.000000000;2;9505897166;S
20240202;100831;7106.500000000;1;9505897874;S
20240202;100831;7106.500000000;99;9505897875;S
20240202;100834;7107.000000000;11;9505898673;S
20240202;100834;7106.500000000;11;9505898674;S
20240202;100838;7107.000000000;8;9505899270;S
20240202;100846;7107.500000000;5;9505900534;B
20240202;100846;7108.500000000;2;9505900535;B
20240202;100852;7107.000000000;6;9505901765;S
20240202;100900;7106.500000000;4;9505903352;S
20240202;100907;7106.500000000;1;9505904656;S
20240202;100908;7107.000000000;1;9505904835;B
20240202;100909;7106.500000000;42;9505905336;S
20240202;100910;7106.500000000;2;9505905597;B
20240202;100918;7106.000000000;1;9505907543;S
20240202;100918;7106.000000000;8;9505907610;S
20240202;100919;7106.500000000;2;9505907690;B
20240202;100919;7106.000000000;1;9505907761;S
20240202;100919;7106.000000000;10;9505907841;S
20240202;100920;7106.000000000;10;9505907864;S
20240202;100920;7106.000000000;10;9505907940;S
20240202;100920;7106.500000000;5;9505907979;B
20240202;100920;7106.500000000;3;9505907980;B
20240202;100920;7106.500000000;27;9505907981;B
20240202;100921;7106.000000000;10;9505908084;S
20240202;100921;7106.000000000;1;9505908105;S
20240202;100921;7106.000000000;10;9505908116;S
20240202;100929;7106.000000000;1;9505909708;S
20240202;100930;7106.500000000;5;9505909755;B
20240202;100931;7106.000000000;1;9505909898;S
20240202;100931;7106.500000000;5;9505910100;B
20240202;100931;7106.500000000;5;9505910101;B
20240202;100936;7106.500000000;7;9505911580;S
20240202;100939;7106.500000000;13;9505912322;S
20240202;100939;7106.000000000;112;9505912323;S
20240202;100939;7106.000000000;10;9505912324;S
20240202;100939;7106.000000000;3;9505912325;S
20240202;100939;7106.000000000;6;9505912326;S
20240202;100939;7106.000000000;3;9505912327;S
20240202;100939;7106.000000000;16;9505912328;S
20240202;100939;7105.000000000;1;9505912329;S
20240202;100939;7105.000000000;13;9505912330;S
20240202;100939;7103.000000000;2;9505912331;S
20240202;100939;7103.000000000;21;9505912332;B
20240202;100939;7102.000000000;1;9505912435;S
20240202;100939;7101.000000000;2;9505912436;S
20240202;100945;7101.500000000;3;9505913507;S
20240202;100958;7101.500000000;2;9505915342;S
20240202;100958;7101.000000000;33;9505915343;S
20240202;101003;7101.000000000;23;9505916267;S
20240202;101003;7101.000000000;10;9505916268;S
20240202;101003;7101.000000000;1;9505916269;S
20240202;101003;7101.000000000;3;9505916270;S
20240202;101003;7101.000000000;20;9505916271;S
20240202;101003;7101.000000000;13;9505916272;S
20240202;101005;7101.000000000;15;9505916518;S
20240202;101007;7101.000000000;1;9505917153;S
20240202;101008;7101.000000000;1;9505917377;S
20240202;101010;7101.500000000;7;9505917573;B
20240202;101010;7101.500000000;8;9505917836;B
20240202;101011;7101.000000000;1;9505917898;S
20240202;101014;7101.000000000;100;9505918510;S
20240202;101017;7101.500000000;1;9505919091;B
20240202;101025;7101.000000000;37;9505920534;S
20240202;101025;7101.000000000;3;9505920535;S
20240202;101026;7101.000000000;5;9505920832;S
20240202;101026;7101.000000000;13;9505920833;S
20240202;101027;7101.000000000;1;9505921174;S
20240202;101028;7101.500000000;4;9505921253;B
20240202;101028;7101.000000000;3;9505921392;S
20240202;101028;7101.500000000;3;9505921422;B
20240202;101029;7101.500000000;6;9505921538;S
20240202;101030;7101.500000000;4;9505921958;B
20240202;101030;7103.000000000;2;9505921959;B
20240202;101030;7103.500000000;2;9505921960;B
20240202;101032;7103.500000000;1;9505922342;B
20240202;101032;7103.500000000;1;9505922343;B
20240202;101034;7102.000000000;2;9505922824;S
20240202;101034;7102.000000000;7;9505922865;S
20240202;101047;7104.500000000;1;9505925056;B
20240202;101047;7105.000000000;2;9505925057;B
20240202;101047;7105.000000000;7;9505925058;B
20240202;101050;7102.500000000;1;9505925431;S
20240202;101051;7102.500000000;10;9505925573;S
20240202;101051;7102.500000000;2;9505925574;S
20240202;101051;7102.500000000;12;9505925575;S
20240202;101051;7102.000000000;3;9505925576;S
20240202;101051;7102.000000000;80;9505925577;S
20240202;101051;7101.000000000;8;9505925578;S
20240202;101051;7101.000000000;76;9505925579;S
20240202;101051;7101.000000000;11;9505925580;S
20240202;101051;7101.000000000;20;9505925581;S
20240202;101051;7105.000000000;8;9505925593;B
20240202;101055;7104.500000000;2;9505926358;B
20240202;101055;7104.500000000;4;9505926359;B
20240202;101101;7101.500000000;10;9505927713;S
20240202;101101;7104.000000000;1;9505927836;B
20240202;101108;7101.500000000;50;9505929190;S
20240202;101112;7104.500000000;3;9505930206;B
20240202;101112;7104.500000000;80;9505930207;B
20240202;101112;7105.000000000;17;9505930208;B
20240202;101112;7105.000000000;3;9505930271;B
20240202;101112;7105.000000000;1;9505930272;B
20240202;101112;7106.000000000;1;9505930273;B
20240202;101112;7106.500000000;3;9505930274;B
20240202;101117;7107.000000000;16;9505931388;B
20240202;101118;7102.500000000;22;9505931502;S
20240202;101118;7102.500000000;11;9505931503;S
20240202;101118;7102.500000000;80;9505931504;S
20240202;101118;7102.000000000;15;9505931505;S
20240202;101118;7101.500000000;47;9505931506;S
20240202;101118;7101.000000000;25;9505931507;S
20240202;101118;7103.500000000;1;9505931513;S
20240202;101118;7103.000000000;2;9505931635;S
20240202;101125;7106.500000000;4;9505932807;B
20240202;101133;7106.500000000;8;9505934017;B
20240202;101149;7103.000000000;12;9505937263;S
20240202;101150;7105.500000000;4;9505937473;B
20240202;101150;7105.500000000;80;9505937474;B
20240202;101150;7106.000000000;16;9505937475;B
20240202;101151;7106.000000000;2;9505937605;B
20240202;101151;7106.000000000;8;9505937606;B
20240202;101152;7103.000000000;20;9505937675;S
20240202;101153;7106.000000000;1;9505937876;B
20240202;101153;7106.000000000;8;9505938017;B
20240202;101158;7106.500000000;10;9505938966;B
20240202;101159;7107.000000000;8;9505939175;B
20240202;101159;7107.000000000;2;9505939176;B
20240202;101159;7107.000000000;1;9505939177;B
20240202;101159;7107.000000000;1;9505939178;B
20240202;101159;7107.000000000;1;9505939179;B
20240202;101159;7108.000000000;27;9505939180;B
20240202;101159;7108.000000000;1;9505939210;B
20240202;101208;7103.500000000;1;9505940906;S
20240202;101208;7103.500000000;1;9505940907;B
20240202;101209;7102.500000000;1;9505941119;S
20240202;101209;7102.500000000;1;9505941120;S
20240202;101210;7105.500000000;2;9505941248;B
20240202;101211;7105.000000000;1;9505941348;B
20240202;101211;7105.500000000;1;9505941349;B
20240202;101211;7106.000000000;3;9505941350;B
20240202;101211;7107.000000000;4;9505941351;B
20240202;101211;7107.000000000;80;9505941352;B
20240202;101211;7107.500000000;2;9505941353;B
20240202;101211;7107.500000000;9;9505941354;B
20240202;101214;7107.000000000;8;9505941945;B
20240202;101215;7107.000000000;6;9505942004;B
20240202;101219;7105.500000000;9;9505942477;S
20240202;101221;7104.000000000;1;9505942768;S
20240202;101221;7104.000000000;5;9505942769;S
20240202;101224;7108.000000000;1;9505943230;B
20240202;101225;7108.000000000;1;9505943306;B
20240202;101227;7104.000000000;3;9505943611;S
20240202;101227;7104.000000000;3;9505943612;S
20240202;101231;7104.000000000;1;9505944359;S
20240202;101235;7107.000000000;3;9505944878;B
20240202;101235;7107.000000000;5;9505944879;B
20240202;101236;7107.000000000;6;9505945032;B
20240202;101242;7106.500000000;1;9505946075;B
20240202;101242;7107.500000000;80;9505946076;B
20240202;101242;7108.000000000;10;9505946077;B
20240202;101242;7108.500000000;9;9505946078;B
20240202;101245;7107.000000000;5;9505946492;B
20240202;101255;7107.000000000;3;9505947824;S
20240202;101255;7106.500000000;26;9505947825;S
20240202;101255;7106.500000000;10;9505947826;S
20240202;101256;7108.000000000;1;9505947907;B
20240202;101256;7108.500000000;1;9505947908;B
20240202;101256;7108.500000000;6;9505947909;B
20240202;101258;7107.000000000;8;9505948134;S
20240202;101303;7107.500000000;1;9505948840;B
20240202;101304;7108.500000000;4;9505948966;B
20240202;101304;7108.500000000;2;9505948967;B
20240202;101310;7107.000000000;5;9505949725;S
20240202;101317;7108.500000000;8;9505950640;B
20240202;101318;7108.000000000;10;9505950857;B
20240202;101329;7107.500000000;1;9505952362;S
20240202;101329;7107.500000000;1;9505952363;S
20240202;101329;7107.500000000;1;9505952364;S
20240202;101329;7107.000000000;7;9505952365;S
20240202;101329;7107.000000000;3;9505952366;S
20240202;101337;7108.500000000;2;9505953439;B
20240202;101337;7108.500000000;1;9505953440;B
20240202;101337;7109.000000000;5;9505953441;B
20240202;101341;7108.500000000;1;9505953824;S
20240202;101345;7109.000000000;6;9505954324;B
20240202;101351;7109.000000000;2;9505955096;B
20240202;101351;7109.500000000;1;9505955097;B
20240202;101354;7109.000000000;1;9505955634;S
20240202;101358;7109.500000000;1;9505956165;B
20240202;101358;7109.500000000;7;9505956166;B
20240202;101407;7109.000000000;4;9505957067;S
20240202;101407;7109.000000000;2;9505957126;B
20240202;101417;7109.000000000;2;9505958647;B
20240202;101418;7108.500000000;19;9505958847;S
20240202;101418;7108.000000000;4;9505958848;S
20240202;101419;7108.500000000;8;9505959036;B
20240202;101419;7108.000000000;1;9505959037;S
20240202;101421;7108.000000000;1;9505959345;B
20240202;101421;7108.500000000;14;9505959346;B
20240202;101421;7108.500000000;6;9505959347;S
20240202;101422;7109.000000000;1;9505959381;B
20240202;101422;7108.500000000;1;9505959410;S
20240202;101426;7108.000000000;8;9505959892;S
20240202;101440;7108.500000000;1;9505961786;B
20240202;101440;7108.500000000;7;9505961787;B
20240202;101444;7107.000000000;1;9505962396;S
20240202;101444;7107.000000000;4;9505962397;S
20240202;101451;7107.000000000;3;9505963281;S
20240202;101501;7107.500000000;8;9505964718;B
20240202;101501;7106.500000000;1;9505964754;S
20240202;101501;7106.500000000;1;9505964761;S
20240202;101501;7106.500000000;1;9505964763;S
20240202;101508;7106.500000000;3;9505966599;S
20240202;101509;7106.500000000;2;9505966788;S
20240202;101509;7106.500000000;6;9505966942;S
20240202;101513;7105.000000000;70;9505967802;S
20240202;101515;7103.000000000;1;9505968135;S
20240202;101517;7103.500000000;1;9505968608;B
20240202;101518;7103.500000000;13;9505968842;B
20240202;101520;7103.000000000;3;9505969305;S
20240202;101521;7103.000000000;1;9505969523;S
20240202;101521;7103.500000000;8;9505969587;B
20240202;101521;7103.500000000;24;9505969588;B
20240202;101521;7103.500000000;19;9505969623;B
20240202;101526;7105.500000000;2;9505970772;B
20240202;101528;7106.000000000;1;9505971170;B
20240202;101529;7105.500000000;5;9505971237;B
20240202;101530;7105.000000000;3;9505971786;S
20240202;101537;7105.500000000;100;9505973287;B
20240202;101542;7105.500000000;8;9505974320;B
20240202;101545;7105.000000000;4;9505974951;S
20240202;101551;7105.000000000;1;9505976321;S
20240202;101558;7105.500000000;26;9505977637;B
20240202;101558;7105.500000000;26;9505977639;B
20240202;101558;7105.500000000;26;9505977640;B
20240202;101558;7105.500000000;26;9505977641;B
20240202;101558;7105.500000000;26;9505977642;B
20240202;101558;7105.500000000;4;9505977685;B
20240202;101603;7105.500000000;2;9505978483;B
20240202;101603;7105.500000000;8;9505978615;B
20240202;101610;7105.000000000;10;9505979911;S
20240202;101611;7105.000000000;4;9505980056;S
20240202;101612;7105.000000000;10;9505980357;S
20240202;101613;7105.500000000;1;9505980545;B
20240202;101621;7105.000000000;10;9505982087;S
20240202;101622;7105.000000000;3;9505982363;S
20240202;101624;7105.500000000;8;9505982740;B
20240202;101630;7105.000000000;2;9505983962;S
20240202;101630;7105.500000000;1;9505984030;B
20240202;101635;7105.000000000;4;9505984928;S
20240202;101637;7105.000000000;10;9505985110;S
20240202;101637;7105.000000000;2;9505985275;S
20240202;101639;7105.000000000;2;9505985622;S
20240202;101641;7105.000000000;2;9505985877;S
20240202;101644;7105.500000000;8;9505986618;B
20240202;101646;7105.500000000;28;9505987049;B
20240202;101649;7105.000000000;33;9505987708;S
20240202;101649;7105.000000000;2;9505987709;S
20240202;101649;7104.500000000;22;9505987710;S
20240202;101649;7104.000000000;18;9505987711;S
20240202;101649;7104.000000000;1;9505987712;S
20240202;101649;7104.000000000;113;9505987713;S
20240202;101649;7104.000000000;28;9505987714;S
20240202;101649;7103.000000000;15;9505987715;S
20240202;101649;7102.500000000;1;9505987716;S
20240202;101649;7102.500000000;67;9505987717;B
20240202;101704;7102.500000000;22;9505990624;S
20240202;101704;7102.500000000;63;9505990625;S
20240202;101705;7104.000000000;8;9505990920;B
20240202;101705;7102.500000000;3;9505990921;S
20240202;101711;7103.000000000;4;9505992496;B
20240202;101716;7104.500000000;10;9505993267;B
20240202;101721;7102.500000000;21;9505994536;S
20240202;101721;7102.000000000;10;9505994537;S
20240202;101721;7102.000000000;1;9505994538;S
20240202;101721;7102.000000000;10;9505994539;S
20240202;101721;7102.000000000;78;9505994540;S
20240202;101722;7102.000000000;10;9505994665;S
20240202;101722;7102.000000000;40;9505994666;S
20240202;101726;7104.500000000;8;9505995726;B
20240202;101726;7104.500000000;21;9505995727;B
20240202;101726;7105.000000000;5;9505995728;B
20240202;101726;7105.500000000;8;9505995784;B
20240202;101727;7104.500000000;3;9505996057;S
20240202;101735;7104.500000000;19;9505998053;S
20240202;101735;7104.500000000;107;9505998054;S
20240202;101735;7104.000000000;28;9505998055;S
20240202;101735;7104.000000000;21;9505998056;S
20240202;101735;7102.000000000;94;9505998057;S
20240202;101736;7102.000000000;6;9505998163;S
20240202;101736;7102.000000000;10;9505998164;S
20240202;101738;7102.000000000;10;9505998443;S
20240202;101738;7102.500000000;5;9505998509;S
20240202;101745;7103.500000000;1;9505999987;B
20240202;101747;7103.500000000;8;9506000293;B
20240202;101747;7102.500000000;2;9506000392;S
20240202;101749;7103.500000000;4;9506000617;B
20240202;101752;7104.000000000;7;9506001320;B
20240202;101754;7102.500000000;14;9506001529;S
20240202;101755;7102.500000000;5;9506001802;B
20240202;101803;7103.500000000;80;9506003974;B
20240202;101803;7103.500000000;6;9506003975;B
20240202;101803;7104.000000000;14;9506003976;B
20240202;101807;7102.500000000;2;9506004712;S
20240202;101808;7103.500000000;8;9506004891;B
20240202;101818;7103.000000000;100;9506006999;B
20240202;101818;7103.500000000;22;9506007000;B
20240202;101818;7104.000000000;19;9506007001;B
20240202;101818;7104.000000000;22;9506007002;B
20240202;101818;7104.000000000;13;9506007003;B
20240202;101818;7104.000000000;9;9506007004;B
20240202;101818;7104.500000000;22;9506007005;B
20240202;101818;7105.000000000;10;9506007007;B
20240202;101818;7105.000000000;1;9506007008;B
20240202;101818;7105.000000000;7;9506007009;B
20240202;101818;7105.500000000;6;9506007010;B
20240202;101818;7105.500000000;30;9506007012;B
20240202;101818;7105.500000000;18;9506007013;B
20240202;101818;7105.500000000;18;9506007014;B
20240202;101818;7105.500000000;11;9506007015;B
20240202;101818;7105.500000000;7;9506007043;B
20240202;101824;7103.500000000;1;9506008281;S
20240202;101824;7103.500000000;9;9506008334;S
20240202;101824;7102.500000000;19;9506008335;S
20240202;101828;7102.500000000;8;9506008939;B
20240202;101832;7102.500000000;3;9506009659;S
20240202;101833;7104.000000000;22;9506009741;B
20240202;101833;7104.500000000;19;9506009742;B
20240202;101833;7104.500000000;21;9506009743;B
20240202;101833;7105.000000000;4;9506009744;B
20240202;101833;7105.000000000;80;9506009745;B
20240202;101833;7105.500000000;354;9506009746;B
20240202;101833;7105.500000000;8;9506009747;B
20240202;101838;7105.500000000;10;9506010762;B
20240202;101838;7103.000000000;4;9506010774;S
20240202;101849;7105.000000000;8;9506013317;B
20240202;101858;7104.500000000;20;9506015297;S
20240202;101858;7104.500000000;17;9506015298;S
20240202;101905;7105.500000000;10;9506016513;B
20240202;101910;7105.500000000;19;9506017661;B
20240202;101910;7105.500000000;9;9506017662;B
20240202;101910;7105.500000000;8;9506017670;B
20240202;101910;7104.000000000;1;9506017700;B
20240202;101910;7105.500000000;11;9506017701;B
20240202;101910;7105.500000000;13;9506017756;B
20240202;101911;7105.500000000;13;9506017878;B
20240202;101911;7105.500000000;22;9506017880;B
20240202;101911;7105.500000000;1;9506017881;B
20240202;101911;7105.500000000;1;9506017882;B
20240202;101911;7105.500000000;7;9506017883;B
20240202;101911;7107.000000000;5;9506017923;B
20240202;101919;7107.000000000;3;9506019559;B
20240202;101920;7107.500000000;1;9506019702;B
20240202;101921;7107.500000000;11;9506019922;B
20240202;101922;7108.000000000;7;9506020100;B
20240202;101923;7108.000000000;1;9506020274;B
20240202;101926;7108.000000000;2;9506020792;B
20240202;101927;7108.500000000;6;9506020826;B
20240202;101929;7108.000000000;8;9506021229;S
20240202;101929;7108.000000000;13;9506021230;S
20240202;101931;7108.000000000;8;9506021599;B
20240202;101931;7108.000000000;21;9506021707;B
20240202;101936;7108.000000000;3;9506022591;S
20240202;101936;7108.500000000;3;9506022633;B
20240202;101942;7108.000000000;3;9506023655;S
20240202;101942;7108.500000000;1;9506023804;B
20240202;101945;7108.000000000;50;9506024402;S
20240202;101947;7109.000000000;1;9506024720;B
20240202;101952;7109.000000000;5;9506025654;B
20240202;101952;7109.000000000;1;9506025655;B
20240202;101952;7109.000000000;2;9506025656;B
20240202;101955;7109.000000000;2;9506026350;B
20240202;101957;7109.000000000;7;9506026678;B
20240202;101957;7109.000000000;15;9506026679;B
20240202;101957;7109.000000000;7;9506026680;B
20240202;101958;7110.000000000;2;9506026810;B
20240202;101958;7110.000000000;4;9506026811;B
20240202;101958;7110.000000000;10;9506026812;B
20240202;101958;7110.000000000;1;9506026813;B
20240202;101958;7111.000000000;3;9506026814;B
20240202;101958;7111.000000000;5;9506026815;B
20240202;101958;7113.000000000;1;9506026847;S
20240202;101958;7114.000000000;50;9506026864;B
20240202;101958;7114.500000000;6;9506026865;B
20240202;101958;7115.000000000;6;9506026866;B
20240202;101958;7115.000000000;1;9506026867;B
20240202;101958;7115.500000000;2;9506026868;B
20240202;101958;7116.000000000;35;9506026869;B
20240202;101959;7112.500000000;10;9506026980;S
20240202;102003;7116.000000000;1;9506027746;B
20240202;102007;7115.500000000;5;9506028524;B
20240202;102010;7112.500000000;1;9506029534;S
20240202;102010;7112.500000000;9;9506029535;S
20240202;102012;7113.500000000;8;9506030980;B
20240202;102019;7112.000000000;3;9506034174;S
20240202;102020;7112.000000000;4;9506034206;B
20240202;102020;7112.000000000;2;9506034243;B
20240202;102021;7112.000000000;28;9506034676;S
20240202;102021;7111.500000000;4;9506034677;S
20240202;102021;7111.000000000;19;9506034678;S
20240202;102023;7110.500000000;30;9506036064;B
20240202;102024;7110.000000000;2;9506036713;S
20240202;102032;7110.000000000;3;9506039139;S
20240202;102033;7110.500000000;8;9506039362;B
20240202;102035;7110.000000000;6;9506039805;S
20240202;102035;7110.000000000;1;9506039823;S
20240202;102038;7110.000000000;1;9506042473;S
20240202;102038;7110.000000000;1;9506042474;S
20240202;102038;7110.000000000;1;9506042475;S
20240202;102053;7110.000000000;2;9506046382;S
20240202;102054;7110.500000000;8;9506047589;B
20240202;102057;7110.000000000;3;9506048269;S
20240202;102057;7109.500000000;42;9506048270;S
20240202;102104;7110.000000000;1;9506051746;B
20240202;102106;7109.500000000;2;9506052027;S
20240202;102113;7109.500000000;30;9506053997;S
20240202;102115;7110.000000000;2;9506055826;B
20240202;102115;7110.500000000;3;9506055827;B
20240202;102115;7110.500000000;3;9506055828;B
20240202;102129;7110.000000000;1;9506060350;B
20240202;102135;7110.000000000;8;9506062953;B
20240202;102138;7110.000000000;1;9506063714;B
20240202;102140;7109.500000000;1;9506064801;S
20240202;102140;7109.500000000;3;9506064826;S
20240202;102140;7109.500000000;1;9506064861;S
20240202;102142;7109.500000000;1;9506065076;S
20240202;102142;7109.500000000;3;9506065077;S
20240202;102142;7109.500000000;29;9506065078;S
20240202;102145;7109.000000000;1;9506065793;S
20240202;102147;7109.000000000;1;9506066152;S
20240202;102151;7109.000000000;35;9506068791;S
20240202;102151;7109.000000000;965;9506068792;S
20240202;102151;7109.000000000;21;9506068793;S
20240202;102151;7109.000000000;14;9506068794;S
20240202;102151;7109.000000000;1;9506068795;S
20240202;102151;7107.000000000;20;9506068796;S
20240202;102151;7107.000000000;20;9506068797;S
20240202;102151;7107.000000000;26;9506068798;S
20240202;102151;7107.000000000;4;9506068799;S
20240202;102151;7104.500000000;1;9506068819;S
20240202;102156;7107.500000000;1;9506069847;B
20240202;102156;7108.000000000;7;9506069848;B
20240202;102202;7106.500000000;28;9506072074;S
20240202;102202;7105.000000000;16;9506072075;S
20240202;102216;7104.500000000;10;9506076779;S
20240202;102216;7104.000000000;5;9506076780;S
20240202;102216;7103.500000000;17;9506076781;S
20240202;102216;7103.000000000;2;9506076782;S
20240202;102216;7102.500000000;11;9506076783;S
20240202;102217;7106.000000000;1;9506077084;B
20240202;102217;7107.500000000;7;9506077085;B
20240202;102224;7106.000000000;2;9506078509;B
20240202;102226;7107.000000000;2;9506079466;B
20240202;102228;7104.500000000;48;9506079795;S
20240202;102228;7103.000000000;2;9506079796;S
20240202;102228;7103.000000000;80;9506079797;S
20240202;102228;7107.000000000;1;9506079931;B
20240202;102230;7106.000000000;1;9506080624;B
20240202;102232;7103.500000000;9;9506080993;S
20240202;102232;7103.000000000;1;9506080994;S
20240202;102232;7102.500000000;7;9506080995;S
20240202;102232;7102.500000000;8;9506080996;S
20240202;102238;7105.000000000;8;9506083997;B
20240202;102241;7103.000000000;3;9506084457;S
20240202;102242;7103.000000000;5;9506084788;S
20240202;102246;7105.000000000;1;9506087006;B
20240202;102253;7103.500000000;1;9506089682;S
20240202;102253;7105.000000000;6;9506089801;B
20240202;102253;7105.000000000;1;9506089841;B
20240202;102253;7105.000000000;6;9506089850;B
20240202;102253;7105.500000000;3;9506089939;B
20240202;102253;7105.500000000;19;9506089997;B
20240202;102253;7106.500000000;3;9506090027;B
20240202;102253;7107.500000000;22;9506090028;B
20240202;102253;7108.000000000;3;9506090029;B
20240202;102253;7106.500000000;4;9506090033;S
20240202;102253;7106.000000000;11;9506090034;S
20240202;102255;7107.500000000;8;9506090620;B
20240202;102259;7108.000000000;8;9506091070;B
20240202;102305;7105.500000000;1;9506093864;S
20240202;102313;7105.000000000;3;9506095996;S
20240202;102319;7107.500000000;5;9506097026;B
20240202;102319;7107.500000000;3;9506097027;B
20240202;102332;7105.500000000;1;9506101549;S
20240202;102334;7105.500000000;3;9506102026;S
20240202;102334;7105.500000000;7;9506102027;S
20240202;102340;7106.000000000;8;9506102825;B
20240202;102342;7104.000000000;3;9506104009;S
20240202;102358;7105.500000000;1;9506109368;B
20240202;102358;7105.500000000;80;9506109369;B
20240202;102358;7106.000000000;19;9506109370;B
20240202;102401;7106.000000000;8;9506109907;B
20240202;102402;7106.000000000;1;9506110043;B
20240202;102405;7106.000000000;3;9506110732;B
20240202;102405;7104.500000000;2;9506110745;S
20240202;102411;7104.000000000;15;9506113147;S
20240202;102417;7104.000000000;1;9506114634;B
20240202;102422;7104.000000000;8;9506115998;B
20240202;102424;7103.500000000;5;9506117164;S
20240202;102426;7103.000000000;2;9506117720;S
20240202;102426;7103.000000000;8;9506117721;S
20240202;102426;7102.500000000;1;9506117722;S
20240202;102426;7102.500000000;27;9506117723;S
20240202;102443;7104.000000000;8;9506122096;B
20240202;102443;7104.000000000;5;9506122165;B
20240202;102443;7104.500000000;2;9506122166;B
20240202;102443;7103.500000000;1;9506122203;S
20240202;102454;7105.500000000;5;9506124771;B
20240202;102456;7105.500000000;3;9506126596;B
20240202;102456;7105.500000000;3;9506126659;B
20240202;102457;7105.500000000;8;9506126666;B
20240202;102458;7107.000000000;10;9506126776;S
20240202;102458;7106.500000000;8;9506126794;S
20240202;102458;7106.000000000;12;9506126795;S
20240202;102458;7105.500000000;4;9506126796;S
20240202;102458;7105.000000000;11;9506126797;S
20240202;102458;7105.000000000;12;9506126798;S
20240202;102501;7107.000000000;1;9506127222;S
20240202;102501;7107.500000000;3;9506127322;B
20240202;102501;7107.500000000;6;9506127323;B
20240202;102502;7108.000000000;11;9506127663;B
20240202;102503;7108.000000000;8;9506127797;B
20240202;102504;7108.000000000;10;9506127848;B
20240202;102504;7108.000000000;10;9506127861;B
20240202;102504;7108.000000000;1;9506127862;B
20240202;102520;7107.500000000;1;9506130588;B
20240202;102520;7107.500000000;13;9506130589;B
20240202;102524;7107.500000000;1;9506131584;B
20240202;102524;7108.000000000;7;9506131585;B
20240202;102529;7106.500000000;6;9506132427;S
20240202;102536;7106.500000000;3;9506133427;S
20240202;102545;7107.500000000;1;9506134566;B
20240202;102545;7107.500000000;1;9506134567;B
20240202;102545;7107.500000000;6;9506134568;B
20240202;102550;7104.500000000;11;9506135463;S
20240202;102550;7104.500000000;5;9506135464;S
20240202;102606;7107.000000000;8;9506137150;B
20240202;102623;7104.500000000;1;9506139866;S
20240202;102623;7104.500000000;4;9506139867;S
20240202;102625;7105.000000000;16;9506140047;S
20240202;102625;7104.500000000;1;9506140048;S
20240202;102625;7104.500000000;1;9506140049;S
20240202;102625;7104.000000000;5;9506140050;S
20240202;102625;7103.500000000;1;9506140051;S
20240202;102625;7103.500000000;80;9506140052;S
20240202;102625;7103.000000000;11;9506140053;S
20240202;102625;7102.500000000;1;9506140054;S
20240202;102625;7102.500000000;28;9506140055;S
20240202;102625;7102.000000000;850;9506140056;S
20240202;102625;7102.000000000;2;9506140057;S
20240202;102625;7102.000000000;4;9506140058;S
20240202;102626;7106.500000000;1;9506140190;B
20240202;102626;7106.500000000;7;9506140191;B
20240202;102628;7102.500000000;1;9506140310;S
20240202;102647;7104.000000000;1;9506143214;B
20240202;102647;7104.500000000;7;9506143215;B
20240202;102657;7102.500000000;1;9506144153;S
20240202;102657;7102.500000000;2;9506144154;S
20240202;102658;7102.000000000;30;9506144359;S
20240202;102658;7102.000000000;80;9506144360;S
20240202;102658;7101.500000000;2;9506144361;S
20240202;102707;7101.500000000;18;9506145446;S
20240202;102707;7101.500000000;10;9506145447;S
20240202;102707;7101.500000000;2;9506145448;S
20240202;102708;7102.500000000;8;9506145565;B
20240202;102713;7101.500000000;2;9506146242;S
20240202;102717;7101.500000000;8;9506146870;S
20240202;102717;7101.500000000;3;9506146871;S
20240202;102720;7101.500000000;2;9506147310;S
20240202;102729;7102.500000000;5;9506148443;B
20240202;102729;7103.500000000;3;9506148444;B
20240202;102730;7101.500000000;20;9506148505;S
20240202;102734;7101.500000000;1;9506149100;S
20240202;102741;7101.500000000;7;9506150234;S
20240202;102749;7101.500000000;1;9506151046;S
20240202;102750;7102.500000000;8;9506151108;B
20240202;102753;7102.500000000;2;9506151603;B
20240202;102756;7102.500000000;5;9506151895;B
20240202;102801;7104.000000000;1;9506152591;B
20240202;102802;7104.000000000;3;9506152761;B
20240202;102805;7104.000000000;60;9506153164;B
20240202;102805;7104.500000000;5;9506153165;B
20240202;102805;7104.500000000;2;9506153166;B
20240202;102810;7105.000000000;1;9506153840;B
20240202;102810;7105.000000000;7;9506153841;B
20240202;102810;7105.000000000;9;9506153842;B
20240202;102810;7105.000000000;2;9506153843;B
20240202;102811;7106.000000000;6;9506153890;B
20240202;102811;7107.000000000;4;9506153904;B
20240202;102815;7106.500000000;3;9506154346;S
20240202;102815;7105.500000000;29;9506154347;S
20240202;102815;7105.000000000;28;9506154348;S
20240202;102815;7103.000000000;5;9506154349;S
20240202;102815;7102.500000000;10;9506154350;S
20240202;102815;7102.500000000;28;9506154351;S
20240202;102815;7102.500000000;62;9506154352;S
20240202;102825;7104.500000000;1;9506155988;S
20240202;102825;7104.000000000;4;9506155989;S
20240202;102825;7103.000000000;14;9506155990;S
20240202;102829;7107.000000000;5;9506156634;B
20240202;102829;7107.500000000;2;9506156635;B
20240202;102831;7107.500000000;8;9506157166;B
20240202;102836;7104.500000000;3;9506157898;S
20240202;102845;7104.000000000;10;9506159037;S
20240202;102847;7107.000000000;1;9506159242;B
20240202;102848;7104.000000000;1;9506159597;S
20240202;102852;7107.000000000;2;9506160397;B
20240202;102852;7107.000000000;5;9506160398;B
20240202;102852;7107.500000000;1;9506160399;B
20240202;102913;7105.000000000;3;9506163479;S
20240202;102913;7107.000000000;7;9506163495;B
20240202;102913;7107.000000000;1;9506163496;B
20240202;102927;7107.000000000;1;9506165241;S
20240202;102927;7106.000000000;1;9506165242;S
20240202;102934;7108.000000000;5;9506165988;B
20240202;102934;7108.000000000;2;9506165989;B
20240202;102934;7108.500000000;1;9506165990;B
20240202;102953;7108.500000000;1;9506168304;B
20240202;102954;7108.500000000;1;9506168515;B
20240202;102954;7109.500000000;1;9506168516;B
20240202;102954;7109.500000000;80;9506168517;B
20240202;102954;7110.000000000;6;9506168518;B
20240202;102954;7110.500000000;20;9506168519;B
20240202;102954;7111.000000000;3;9506168520;B
20240202;102954;7111.000000000;11;9506168521;B
20240202;102954;7111.500000000;20;9506168522;B
20240202;102954;7112.500000000;20;9506168523;B
20240202;102954;7113.000000000;9;9506168524;B
20240202;102954;7113.500000000;6;9506168525;B
20240202;102954;7113.500000000;23;9506168526;B
20240202;102954;7112.500000000;8;9506168547;B
20240202;102959;7113.000000000;5;9506169077;B
20240202;103015;7111.500000000;8;9506171237;B
20240202;103016;7109.000000000;15;9506171372;S
20240202;103027;7108.000000000;1;9506173278;S
20240202;103027;7107.500000000;3;9506173311;S
20240202;103036;7110.500000000;1;9506174559;B
20240202;103036;7111.500000000;1;9506174560;B
20240202;103036;7111.500000000;6;9506174561;B
20240202;103042;7111.000000000;2;9506175259;B
20240202;103042;7111.500000000;6;9506175260;B
20240202;103042;7111.500000000;7;9506175261;B
20240202;103044;7109.500000000;10;9506175797;S
20240202;103044;7109.000000000;10;9506175804;S
20240202;103044;7109.000000000;9;9506175805;S
20240202;103044;7108.500000000;2;9506175806;S
20240202;103044;7108.000000000;2;9506175807;S
20240202;103044;7108.000000000;52;9506175808;S
20240202;103057;7110.500000000;2;9506177164;B
20240202;103057;7110.500000000;6;9506177165;B
20240202;103104;7110.500000000;3;9506178063;B
20240202;103117;7108.000000000;1;9506179532;S
20240202;103118;7110.500000000;8;9506179626;B
20240202;103121;7108.000000000;4;9506179966;S
20240202;103127;7108.000000000;15;9506180708;S
20240202;103127;7107.500000000;2;9506180709;S
20240202;103127;7107.500000000;3;9506180710;S
20240202;103127;7106.500000000;1;9506180711;S
20240202;103127;7105.000000000;7;9506180712;S
20240202;103127;7105.000000000;1;9506180713;S
20240202;103127;7105.000000000;21;9506180714;S
20240202;103138;7108.500000000;8;9506181920;B
20240202;103140;7105.500000000;1;9506182049;B
20240202;103145;7105.000000000;2;9506182852;S
20240202;103156;7106.000000000;3;9506184038;S
20240202;103159;7108.500000000;3;9506184337;B
20240202;103159;7108.500000000;5;9506184338;B
20240202;103216;7108.500000000;1;9506187097;B
20240202;103219;7106.000000000;2;9506187521;S
20240202;103219;7105.500000000;1;9506187522;S
20240202;103220;7108.500000000;8;9506187662;B
20240202;103223;7108.500000000;1;9506187988;B
20240202;103234;7107.000000000;1;9506189430;B
20240202;103234;7107.000000000;18;9506189431;B
20240202;103234;7107.000000000;1;9506189432;B
20240202;103241;7108.500000000;8;9506189982;B
20240202;103243;7105.000000000;1;9506190208;S
20240202;103243;7105.000000000;3;9506190209;S
20240202;103243;7105.000000000;7;9506190210;S
20240202;103301;7108.500000000;8;9506192346;B
20240202;103302;7108.500000000;4;9506192457;B
20240202;103302;7109.000000000;1;9506192458;B
20240202;103302;7109.000000000;3;9506192459;B
20240202;103302;7109.000000000;3;9506192460;B
20240202;103302;7109.500000000;3;9506192461;B
20240202;103302;7109.500000000;36;9506192462;B
20240202;103311;7107.000000000;5;9506193395;S
20240202;103311;7104.000000000;1;9506193415;S
20240202;103313;7107.000000000;9;9506193623;B
20240202;103313;7107.000000000;3;9506193624;B
20240202;103313;7108.500000000;8;9506193625;B
20240202;103320;7108.500000000;5;9506194415;B
20240202;103321;7106.000000000;3;9506194556;S
20240202;103322;7109.000000000;3;9506194757;B
20240202;103322;7109.000000000;5;9506194758;B
20240202;103332;7109.500000000;10;9506196874;B
20240202;103343;7109.500000000;3;9506198447;B
20240202;103343;7109.500000000;5;9506198448;B
20240202;103354;7110.000000000;4;9506199780;B
20240202;103404;7109.500000000;6;9506200820;B
20240202;103404;7109.500000000;2;9506200821;B
20240202;103409;7110.000000000;1;9506201654;B
20240202;103413;7110.000000000;1;9506202130;B
20240202;103417;7108.000000000;3;9506202752;S
20240202;103417;7107.500000000;2;9506202753;S
20240202;103417;7107.500000000;5;9506202754;S
20240202;103417;7107.500000000;17;9506202755;S
20240202;103417;7106.000000000;11;9506202756;S
20240202;103417;7105.500000000;12;9506202757;S
20240202;103425;7108.000000000;3;9506203621;B
20240202;103425;7108.000000000;5;9506203622;B
20240202;103426;7108.000000000;1;9506203801;B
20240202;103428;7106.000000000;3;9506203933;S
20240202;103441;7108.500000000;1;9506205291;B
20240202;103445;7108.500000000;1;9506205828;B
20240202;103445;7108.500000000;8;9506205862;B
20240202;103457;7108.000000000;4;9506207220;S
20240202;103506;7109.500000000;5;9506208072;B
20240202;103506;7109.500000000;3;9506208073;B
20240202;103512;7108.000000000;2;9506208758;S
20240202;103512;7106.500000000;5;9506208759;S
20240202;103512;7106.500000000;13;9506208760;S
20240202;103514;7106.000000000;3;9506208968;S
20240202;103514;7106.000000000;10;9506208969;S
20240202;103516;7105.500000000;9;9506209186;S
20240202;103524;7109.000000000;7;9506210034;B
20240202;103527;7109.500000000;8;9506210333;B
20240202;103528;7106.000000000;3;9506210422;S
20240202;103531;7106.000000000;2;9506210789;S
20240202;103531;7106.000000000;3;9506210790;S
20240202;103531;7106.500000000;2;9506210811;S
20240202;103531;7106.000000000;3;9506210812;S
20240202;103531;7106.000000000;11;9506210813;S
20240202;103531;7106.000000000;9;9506210814;S
20240202;103534;7106.000000000;7;9506211149;S
20240202;103539;7106.500000000;1;9506211671;S
20240202;103539;7106.500000000;1;9506211672;S
20240202;103548;7110.000000000;8;9506212729;B
20240202;103551;7107.000000000;1;9506213188;S
20240202;103554;7110.000000000;10;9506213510;B
20240202;103609;7109.500000000;1;9506215100;B
20240202;103609;7109.500000000;7;9506215101;B
20240202;103611;7107.000000000;4;9506215373;S
20240202;103611;7107.000000000;2;9506215374;S
20240202;103611;7107.000000000;4;9506215375;S
20240202;103611;7107.000000000;14;9506215376;S
20240202;103611;7107.000000000;21;9506215377;B
20240202;103614;7107.000000000;1;9506215659;S
20240202;103614;7107.000000000;2;9506215660;S
20240202;103628;7107.000000000;1;9506217072;S
20240202;103629;7109.500000000;1;9506217143;B
20240202;103629;7109.500000000;1;9506217144;B
20240202;103629;7109.500000000;1;9506217145;B
20240202;103629;7109.500000000;1;9506217146;B
20240202;103629;7109.500000000;2;9506217147;B
20240202;103629;7109.500000000;2;9506217148;B
20240202;103641;7107.000000000;2;9506218487;S
20240202;103641;7106.500000000;1;9506218488;S
20240202;103650;7108.000000000;8;9506219253;B
20240202;103655;7106.500000000;2;9506219697;S
20240202;103657;7108.000000000;1;9506219859;B
20240202;103659;7108.000000000;1;9506220028;S
20240202;103704;7108.000000000;1;9506220663;S
20240202;103711;7108.500000000;1;9506221221;B
20240202;103711;7108.500000000;2;9506221222;B
20240202;103711;7109.000000000;2;9506221223;B
20240202;103711;7109.500000000;3;9506221224;B
20240202;103732;7109.500000000;2;9506223176;B
20240202;103732;7109.500000000;1;9506223177;B
20240202;103732;7109.500000000;1;9506223178;B
20240202;103732;7110.000000000;4;9506223179;B
20240202;103741;7110.000000000;1;9506224056;B
20240202;103743;7108.500000000;1;9506224272;S
20240202;103752;7110.000000000;8;9506225027;B
20240202;103756;7108.500000000;1;9506225529;S
20240202;103756;7108.000000000;1;9506225530;S
20240202;103804;7108.500000000;1;9506226604;S
20240202;103806;7108.000000000;1;9506226827;S
20240202;103810;7108.000000000;2;9506227139;S
20240202;103813;7108.500000000;2;9506227393;B
20240202;103813;7109.500000000;6;9506227394;B
20240202;103825;7109.500000000;14;9506228518;B
20240202;103825;7110.000000000;3;9506228519;B
20240202;103825;7110.000000000;1;9506228520;B
20240202;103825;7110.000000000;1;9506228521;B
20240202;103825;7110.000000000;1;9506228522;B
20240202;103825;7110.000000000;3;9506228523;B
20240202;103834;7110.000000000;2;9506229356;B
20240202;103834;7110.000000000;1;9506229357;B
20240202;103834;7111.000000000;5;9506229358;B
20240202;103838;7109.500000000;1;9506229659;B
20240202;103855;7109.500000000;2;9506231215;B
20240202;103855;7111.000000000;5;9506231216;B
20240202;103855;7111.000000000;1;9506231217;B
20240202;103900;7109.500000000;4;9506231678;S
20240202;103916;7112.500000000;1;9506233280;B
20240202;103916;7112.500000000;7;9506233281;B
20240202;103936;7112.500000000;6;9506235396;B
20240202;103936;7112.500000000;2;9506235397;B
20240202;103939;7110.000000000;1;9506235663;S
20240202;103939;7110.000000000;5;9506235664;S
20240202;103944;7110.000000000;4;9506236086;B
20240202;103945;7110.000000000;1;9506236205;B
20240202;103949;7109.000000000;1;9506236542;S
20240202;103957;7108.500000000;2;9506237564;B
20240202;103957;7109.000000000;5;9506237565;B
20240202;103957;7109.000000000;1;9506237566;B
20240202;104018;7109.000000000;8;9506239598;B
20240202;104037;7109.000000000;2;9506241425;B
20240202;104037;7109.000000000;2;9506241426;B
20240202;104039;7109.000000000;8;9506241568;B
20240202;104043;7109.000000000;30;9506242014;B
20240202;104100;7109.000000000;1;9506243444;B
20240202;104100;7109.000000000;7;9506243445;B
20240202;104109;7109.000000000;1;9506244206;B
20240202;104120;7109.000000000;8;9506245372;B
20240202;104133;7108.500000000;1;9506246386;S
20240202;104141;7109.000000000;8;9506247023;B
20240202;104142;7108.500000000;5;9506247063;S
20240202;104142;7108.500000000;1;9506247064;S
20240202;104142;7108.000000000;3;9506247065;S
20240202;104142;7108.000000000;1;9506247066;S
20240202;104142;7108.000000000;1;9506247067;S
20240202;104142;7108.000000000;300;9506247068;S
20240202;104142;7108.000000000;9;9506247069;S
20240202;104151;7108.000000000;1;9506247735;S
20240202;104158;7108.000000000;4;9506248393;S
20240202;104158;7107.500000000;6;9506248394;S
20240202;104158;7107.500000000;1;9506248405;S
20240202;104202;7108.500000000;2;9506248650;B
20240202;104202;7109.000000000;6;9506248651;B
20240202;104204;7108.500000000;4;9506248891;B
20240202;104216;7107.500000000;4;9506249814;S
20240202;104223;7108.500000000;2;9506250441;B
20240202;104223;7108.500000000;5;9506250442;B
20240202;104223;7109.000000000;1;9506250443;B
20240202;104224;7108.500000000;3;9506250570;B
20240202;104234;7108.500000000;2;9506251203;B
20240202;104234;7109.000000000;2;9506251204;B
20240202;104238;7109.000000000;8;9506251584;B
20240202;104243;7109.000000000;8;9506251959;B
20240202;104247;7107.500000000;4;9506252220;S
20240202;104247;7107.500000000;1;9506252221;S
20240202;104247;7107.000000000;2;9506252222;S
20240202;104247;7107.000000000;8;9506252223;S
20240202;104304;7108.500000000;8;9506253524;B
20240202;104308;7108.500000000;2;9506253757;B
20240202;104308;7108.500000000;6;9506253758;B
20240202;104310;7108.500000000;4;9506253972;B
20240202;104316;7108.500000000;35;9506254394;B
20240202;104321;7107.000000000;1;9506254795;S
20240202;104325;7108.500000000;8;9506255059;B
20240202;104329;7108.500000000;2;9506255382;B
20240202;104334;7108.500000000;5;9506255735;B
20240202;104338;7108.500000000;8;9506256092;B
20240202;104338;7108.500000000;1;9506256234;B
20240202;104346;7108.000000000;8;9506256749;B
20240202;104404;7108.000000000;4;9506258257;B
20240202;104404;7106.500000000;1;9506258279;S
20240202;104407;7108.000000000;1;9506258733;B
20240202;104407;7108.000000000;2;9506258734;B
20240202;104407;7108.000000000;1;9506258735;B
20240202;104407;7108.500000000;4;9506258736;B
20240202;104407;7108.500000000;1;9506258809;B
20240202;104408;7108.500000000;6;9506258840;B
20240202;104408;7108.500000000;2;9506258841;B
20240202;104427;7108.000000000;2;9506261694;B
20240202;104427;7108.000000000;2;9506261695;B
20240202;104427;7108.500000000;1;9506261696;B
20240202;104427;7108.500000000;3;9506261697;B
20240202;104433;7107.000000000;4;9506262641;S
20240202;104434;7109.000000000;1;9506262771;B
20240202;104434;7109.000000000;1;9506262772;B
20240202;104434;7109.000000000;2;9506262773;B
20240202;104436;7109.000000000;2;9506263095;B
20240202;104438;7109.000000000;8;9506263227;B
20240202;104440;7109.000000000;2;9506263519;B
20240202;104445;7107.000000000;1;9506264339;S
20240202;104448;7108.000000000;2;9506264840;B
20240202;104448;7108.500000000;1;9506264841;B
20240202;104448;7108.500000000;5;9506264842;B
20240202;104501;7106.500000000;19;9506266246;S
20240202;104501;7106.500000000;2;9506266247;S
20240202;104501;7106.000000000;18;9506266248;S
20240202;104501;7105.500000000;1;9506266249;S
20240202;104501;7105.500000000;2;9506266250;S
20240202;104501;7105.500000000;3;9506266251;S
20240202;104501;7105.500000000;1;9506266252;S
20240202;104501;7105.500000000;12;9506266253;S
20240202;104501;7105.000000000;1;9506266254;S
20240202;104501;7105.000000000;2;9506266255;S
20240202;104501;7105.000000000;5;9506266256;S
20240202;104501;7105.000000000;5;9506266257;S
20240202;104501;7105.000000000;1;9506266258;S
20240202;104501;7104.500000000;13;9506266259;S
20240202;104501;7103.500000000;8;9506266260;S
20240202;104501;7103.000000000;20;9506266261;S
20240202;104501;7103.000000000;80;9506266262;S
20240202;104501;7102.500000000;185;9506266263;S
20240202;104501;7102.500000000;22;9506266264;S
20240202;104504;7105.500000000;3;9506266528;B
20240202;104504;7105.500000000;1;9506266529;B
20240202;104508;7106.000000000;7;9506266796;B
20240202;104509;7106.000000000;8;9506266933;B
20240202;104518;7105.500000000;5;9506267872;B
20240202;104523;7105.000000000;2;9506268309;B
20240202;104525;7105.000000000;3;9506268552;B
20240202;104530;7105.000000000;8;9506269055;B
20240202;104534;7103.500000000;3;9506269493;S
20240202;104534;7103.500000000;14;9506269494;S
20240202;104534;7103.500000000;10;9506269495;S
20240202;104534;7103.000000000;2;9506269496;S
20240202;104534;7103.000000000;300;9506269497;S
20240202;104534;7103.000000000;171;9506269498;B
20240202;104536;7104.000000000;2;9506269617;B
20240202;104538;7104.000000000;8;9506269775;B
20240202;104540;7104.500000000;4;9506269964;B
20240202;104551;7103.500000000;8;9506271279;B
20240202;104600;7103.500000000;2;9506272717;B
20240202;104600;7104.000000000;2;9506272718;B
20240202;104600;7104.500000000;1;9506272719;B
20240202;104604;7104.500000000;3;9506273158;B
20240202;104604;7104.500000000;2;9506273159;B
20240202;104605;7102.500000000;5;9506273281;S
20240202;104606;7102.500000000;1;9506273347;S
20240202;104608;7103.500000000;8;9506273522;B
20240202;104611;7103.500000000;2;9506273838;B
20240202;104611;7104.000000000;2;9506273839;B
20240202;104611;7104.000000000;1;9506273840;B
20240202;104611;7104.500000000;3;9506273841;B
20240202;104632;7104.000000000;2;9506275939;B
20240202;104632;7104.500000000;6;9506275940;B
20240202;104634;7104.500000000;4;9506276074;B
20240202;104635;7104.500000000;4;9506276300;B
20240202;104637;7103.500000000;4;9506276462;S
20240202;104637;7103.000000000;10;9506276463;S
20240202;104638;7104.000000000;2;9506276586;B
20240202;104638;7104.500000000;6;9506276587;B
20240202;104639;7103.000000000;6;9506276943;S
20240202;104639;7103.000000000;2;9506276944;S
20240202;104639;7102.500000000;12;9506276945;S
20240202;104650;7102.500000000;1;9506278696;S
20240202;104653;7104.000000000;8;9506278937;B
20240202;104659;7102.500000000;2;9506280339;S
20240202;104704;7104.000000000;3;9506281044;B
20240202;104704;7104.000000000;1;9506281045;B
20240202;104708;7104.000000000;8;9506281500;B
20240202;104711;7102.500000000;7;9506282056;S
20240202;104711;7102.500000000;2;9506282057;S
20240202;104712;7102.500000000;1;9506282144;S
20240202;104714;7103.500000000;2;9506282311;B
20240202;104714;7103.500000000;6;9506282312;B
20240202;104715;7102.500000000;8;9506282494;S
20240202;104715;7102.500000000;10;9506282495;S
20240202;104715;7102.500000000;17;9506282496;S
20240202;104718;7102.500000000;2;9506282948;S
20240202;104724;7102.500000000;1;9506283574;S
20240202;104724;7102.500000000;1;9506283575;S
20240202;104728;7102.500000000;5;9506283997;S
20240202;104728;7102.500000000;13;9506283998;S
20240202;104734;7104.000000000;4;9506284627;B
20240202;104734;7104.000000000;7;9506284710;B
20240202;104734;7104.000000000;1;9506284711;B
20240202;104738;7104.000000000;8;9506285127;B
20240202;104750;7103.500000000;1;9506286914;B
20240202;104753;7104.000000000;2;9506287711;B
20240202;104753;7104.000000000;3;9506287712;B
20240202;104755;7104.500000000;8;9506287908;B
20240202;104758;7102.500000000;2;9506288270;S
20240202;104808;7103.000000000;2;9506290382;B
20240202;104808;7103.500000000;6;9506290383;B
20240202;104810;7104.000000000;4;9506291176;B
20240202;104816;7104.000000000;8;9506292122;B
20240202;104828;7104.000000000;4;9506294071;B
20240202;104832;7104.000000000;1;9506294536;B
20240202;104834;7104.000000000;5;9506294771;B
20240202;104836;7102.500000000;2;9506295026;S
20240202;104837;7104.000000000;8;9506295115;B
20240202;104837;7102.500000000;1;9506295178;S
20240202;104838;7104.000000000;8;9506295192;B
20240202;104845;7102.500000000;2;9506296616;S
20240202;104846;7102.500000000;3;9506296736;S
20240202;104846;7102.500000000;2;9506296737;S
20240202;104846;7102.500000000;6;9506296738;S
20240202;104846;7102.500000000;89;9506296739;S
20240202;104849;7102.500000000;29;9506297105;S
20240202;104849;7102.500000000;1;9506297106;S
20240202;104858;7104.000000000;1;9506298205;B
20240202;104858;7104.000000000;2;9506298206;B
20240202;104858;7104.000000000;1;9506298207;B
20240202;104858;7104.000000000;4;9506298208;B
20240202;104904;7103.500000000;2;9506298870;B
20240202;104904;7104.000000000;2;9506298871;B
20240202;104906;7102.500000000;79;9506299055;S
20240202;104906;7102.500000000;1;9506299056;S
20240202;104908;7103.500000000;2;9506299234;B
20240202;104908;7103.500000000;6;9506299235;B
20240202;104910;7102.500000000;4;9506299592;S
20240202;104910;7102.500000000;1;9506299593;S
20240202;104916;7102.500000000;1;9506300264;S
20240202;104917;7102.500000000;5;9506300370;S
20240202;104918;7104.000000000;5;9506300442;B
20240202;104918;7104.000000000;3;9506300443;B
20240202;104919;7102.500000000;1;9506300512;S
20240202;104920;7104.000000000;1;9506300611;B
20240202;104921;7102.500000000;10;9506300876;S
20240202;104928;7102.500000000;3;9506301656;S
20240202;104930;7102.500000000;5;9506301875;S
20240202;104934;7103.000000000;2;9506302183;B
20240202;104934;7103.500000000;2;9506302184;B
20240202;104937;7102.500000000;1;9506302597;S
20240202;104937;7102.500000000;1;9506302631;S
20240202;104937;7102.500000000;2;9506302674;S
20240202;104937;7102.500000000;1;9506302679;S
20240202;104938;7103.000000000;2;9506302789;B
20240202;104938;7103.500000000;5;9506302790;B
20240202;104939;7102.500000000;1;9506303073;S
20240202;104939;7104.000000000;8;9506303248;B
20240202;104948;7104.000000000;3;9506304400;B
20240202;104948;7104.000000000;2;9506304435;B
20240202;104948;7104.000000000;4;9506304436;B
20240202;104949;7103.000000000;11;9506304574;S
20240202;104949;7102.500000000;42;9506304575;S
20240202;104949;7102.500000000;5;9506304576;S
20240202;104949;7102.500000000;2;9506304577;S
20240202;104952;7102.500000000;2;9506304957;S
20240202;104955;7104.500000000;5;9506305304;B
20240202;104955;7102.500000000;3;9506305375;S
20240202;104956;7104.500000000;4;9506305419;B
20240202;105000;7104.500000000;7;9506305855;B
20240202;105000;7104.500000000;1;9506305856;B
20240202;105004;7104.500000000;2;9506306332;B
20240202;105004;7104.500000000;1;9506306333;B
20240202;105004;7104.500000000;1;9506306334;B
20240202;105006;7103.000000000;1;9506306546;B
20240202;105007;7102.500000000;16;9506306642;S
20240202;105008;7104.500000000;1;9506306715;B
20240202;105008;7104.500000000;2;9506306716;B
20240202;105008;7104.500000000;5;9506306717;B
20240202;105013;7105.000000000;1;9506307291;B
20240202;105013;7102.500000000;5;9506307352;S
20240202;105013;7102.500000000;2;9506307353;S
20240202;105013;7102.500000000;7;9506307354;S
20240202;105021;7104.500000000;8;9506308644;B
20240202;105026;7104.500000000;1;9506309204;B
20240202;105026;7104.500000000;2;9506309283;B
20240202;105031;7102.500000000;15;9506310355;S
20240202;105031;7102.500000000;5;9506310356;S
20240202;105034;7104.500000000;4;9506310740;B
20240202;105036;7102.500000000;49;9506310995;S
20240202;105038;7104.500000000;8;9506311164;B
20240202;105042;7104.500000000;8;9506311586;B
20240202;105050;7104.500000000;49;9506312296;B
20240202;105050;7104.500000000;2;9506312297;B
20240202;105050;7104.500000000;2;9506312298;B
20240202;105050;7105.000000000;40;9506312299;B
20240202;105050;7105.000000000;5;9506312300;B
20240202;105050;7105.000000000;5;9506312301;B
20240202;105058;7105.000000000;1;9506313282;S
20240202;105102;7107.000000000;1;9506313806;S
20240202;105102;7105.000000000;46;9506313807;S
20240202;105102;7107.500000000;2;9506313829;B
20240202;105102;7107.500000000;6;9506313830;B
20240202;105105;7107.500000000;15;9506314076;B
20240202;105108;7106.500000000;3;9506314275;B
20240202;105108;7107.000000000;5;9506314276;B
20240202;105110;7107.000000000;3;9506314444;B
20240202;105110;7108.000000000;1;9506314445;B
20240202;105113;7108.000000000;1;9506314761;B
20240202;105113;7108.000000000;1;9506314762;B
20240202;105113;7108.000000000;6;9506314763;B
20240202;105118;7108.000000000;3;9506315384;B
20240202;105118;7108.000000000;5;9506315408;B
20240202;105118;7108.000000000;14;9506315409;B
20240202;105118;7108.500000000;39;9506315442;B
20240202;105118;7109.000000000;28;9506315462;B
20240202;105118;7108.000000000;7;9506315524;B
20240202;105120;7108.000000000;28;9506315785;S
20240202;105123;7109.000000000;8;9506316144;B
20240202;105128;7109.000000000;5;9506316603;B
20240202;105128;7109.000000000;1;9506316648;B
20240202;105128;7107.500000000;16;9506316724;S
20240202;105130;7109.000000000;3;9506316970;B
20240202;105131;7109.000000000;200;9506317199;B
20240202;105131;7109.000000000;27;9506317200;B
20240202;105131;7109.500000000;2;9506317201;B
20240202;105131;7109.500000000;5;9506317202;B
20240202;105131;7109.500000000;2;9506317203;B
20240202;105131;7109.500000000;9;9506317204;B
20240202;105131;7109.500000000;9;9506317206;B
20240202;105134;7110.000000000;3;9506317404;B
20240202;105134;7110.000000000;2;9506317405;B
20240202;105138;7110.000000000;8;9506317724;B
20240202;105144;7110.000000000;8;9506318759;B
20240202;105144;7109.000000000;1;9506318766;S
20240202;105145;7110.000000000;4;9506318819;B
20240202;105145;7110.000000000;30;9506318929;B
20240202;105148;7110.000000000;23;9506319494;B
20240202;105148;7110.000000000;1;9506319495;B
20240202;105151;7110.000000000;2;9506319852;S
20240202;105204;7112.000000000;2;9506320981;B
20240202;105204;7112.000000000;2;9506320982;B
20240202;105205;7112.000000000;8;9506321051;B
20240202;105208;7112.000000000;8;9506321440;B
20240202;105225;7112.000000000;4;9506323541;B
20240202;105225;7112.000000000;4;9506323542;B
20240202;105227;7112.000000000;1;9506323745;B
20240202;105227;7112.000000000;9;9506323746;B
20240202;105229;7112.500000000;2;9506323887;B
20240202;105229;7112.500000000;20;9506323888;B
20240202;105229;7112.500000000;6;9506323925;B
20240202;105234;7113.000000000;1;9506324267;B
20240202;105234;7113.000000000;3;9506324268;B
20240202;105238;7113.000000000;2;9506324597;B
20240202;105238;7113.000000000;2;9506324598;B
20240202;105238;7113.500000000;4;9506324599;B
20240202;105242;7114.000000000;20;9506324893;B
20240202;105243;7114.000000000;5;9506324987;S
20240202;105244;7114.500000000;1;9506325047;B
20240202;105246;7114.500000000;8;9506325197;B
20240202;105250;7114.500000000;12;9506325559;B
20240202;105250;7115.000000000;2;9506325560;B
20240202;105254;7114.000000000;1;9506325866;S
20240202;105256;7114.000000000;1;9506326083;S
20240202;105301;7114.000000000;1;9506326466;S
20240202;105304;7115.000000000;4;9506326637;B
20240202;105307;7115.000000000;4;9506326887;B
20240202;105307;7115.000000000;3;9506326888;B
20240202;105307;7115.000000000;1;9506326889;B
20240202;105308;7115.000000000;2;9506326937;B
20240202;105308;7115.000000000;2;9506326938;B
20240202;105308;7115.500000000;4;9506326939;B
20240202;105311;7115.000000000;2;9506327247;B
20240202;105311;7115.000000000;1;9506327248;B
20240202;105311;7115.500000000;11;9506327249;B
20240202;105311;7115.500000000;20;9506327250;B
20240202;105311;7116.000000000;40;9506327251;B
20240202;105311;7116.500000000;2;9506327252;B
20240202;105311;7116.500000000;18;9506327253;B
20240202;105311;7117.000000000;7;9506327254;B
20240202;105311;7117.000000000;60;9506327255;B
20240202;105311;7117.500000000;28;9506327256;B
20240202;105311;7117.500000000;20;9506327257;B
20240202;105311;7118.000000000;1;9506327258;B
20240202;105311;7118.000000000;10;9506327259;B
20240202;105311;7118.000000000;5;9506327260;B
20240202;105311;7118.000000000;20;9506327261;B
20240202;105311;7118.500000000;1;9506327262;B
20240202;105311;7118.500000000;1;9506327263;B
20240202;105311;7118.500000000;80;9506327264;B
20240202;105311;7119.000000000;11;9506327265;B
20240202;105311;7119.000000000;140;9506327266;B
20240202;105311;7119.500000000;1;9506327267;B
20240202;105311;7119.500000000;3;9506327268;B
20240202;105311;7119.500000000;5;9506327269;B
20240202;105311;7119.500000000;13;9506327270;B
20240202;105312;7118.000000000;1;9506327282;B
20240202;105313;7115.500000000;10;9506327435;S
20240202;105313;7115.500000000;2;9506327436;S
20240202;105313;7115.000000000;28;9506327437;S
20240202;105313;7114.000000000;7;9506327438;S
20240202;105313;7114.000000000;3;9506327439;S
20240202;105320;7117.500000000;2;9506327947;B
20240202;105320;7118.000000000;1;9506327948;B
20240202;105320;7118.000000000;22;9506327949;B
20240202;105326;7116.000000000;40;9506328513;B
20240202;105328;7118.000000000;1;9506328640;B
20240202;105328;7118.000000000;2;9506328641;B
20240202;105328;7118.000000000;5;9506328642;B
20240202;105338;7118.000000000;1;9506329456;B
20240202;105338;7119.000000000;7;9506329457;B
20240202;105339;7119.000000000;1;9506329546;B
20240202;105340;7119.000000000;4;9506329572;B
20240202;105343;7119.500000000;50;9506329860;B
20240202;105343;7119.500000000;50;9506329883;B
20240202;105349;7119.500000000;8;9506330312;B
20240202;105350;7118.000000000;1;9506330386;S
20240202;105350;7117.500000000;4;9506330387;S
20240202;105351;7119.500000000;53;9506330507;B
20240202;105354;7118.500000000;1;9506330742;B
20240202;105355;7118.500000000;9;9506330892;B
20240202;105355;7118.500000000;3;9506330893;B
20240202;105355;7118.500000000;80;9506330894;B
20240202;105355;7119.000000000;60;9506330895;B
20240202;105355;7119.500000000;236;9506330896;B
20240202;105355;7119.500000000;100;9506330897;B
20240202;105355;7119.500000000;12;9506330898;B
20240202;105404;7118.500000000;1;9506331661;B
20240202;105404;7119.500000000;3;9506331662;B
20240202;105404;7120.000000000;1;9506331663;B
20240202;105404;7117.500000000;19;9506331693;S
20240202;105404;7117.000000000;5;9506331694;S
20240202;105404;7116.500000000;1;9506331695;S
20240202;105404;7116.500000000;17;9506331696;S
20240202;105404;7114.500000000;8;9506331697;S
20240202;105405;7119.000000000;10;9506331714;B
20240202;105405;7119.000000000;10;9506331715;B
20240202;105405;7119.000000000;10;9506331719;B
20240202;105405;7119.000000000;5;9506331770;B
20240202;105408;7119.500000000;4;9506332009;B
20240202;105408;7119.500000000;1;9506332010;B
20240202;105408;7120.000000000;2;9506332011;B
20240202;105409;7120.000000000;3;9506332070;B
20240202;105409;7120.000000000;8;9506332140;B
20240202;105425;7117.000000000;17;9506333605;S
20240202;105428;7119.500000000;1;9506333783;B
20240202;105430;7120.000000000;86;9506334074;B
20240202;105430;7120.000000000;1;9506334075;B
20240202;105430;7120.000000000;20;9506334076;B
20240202;105430;7120.000000000;10;9506334077;B
20240202;105430;7120.000000000;1;9506334078;B
20240202;105430;7120.000000000;1;9506334079;B
20240202;105430;7120.000000000;6;9506334080;B
20240202;105430;7120.000000000;2;9506334081;B
20240202;105430;7120.000000000;1;9506334082;B
20240202;105430;7120.000000000;3;9506334083;B
20240202;105430;7120.000000000;2;9506334084;B
20240202;105430;7120.000000000;6;9506334085;B
20240202;105430;7120.000000000;20;9506334086;B
20240202;105430;7120.000000000;4;9506334087;B
20240202;105430;7120.000000000;1;9506334088;B
20240202;105430;7120.000000000;3;9506334089;B
20240202;105430;7120.500000000;2;9506334090;B
20240202;105430;7120.500000000;200;9506334091;B
20240202;105430;7121.000000000;1;9506334092;B
20240202;105430;7121.000000000;20;9506334093;B
20240202;105430;7122.000000000;28;9506334094;B
20240202;105430;7122.000000000;20;9506334095;B
20240202;105430;7123.000000000;1;9506334096;B
20240202;105430;7123.500000000;20;9506334097;B
20240202;105430;7123.500000000;11;9506334098;B
20240202;105430;7124.000000000;2;9506334099;B
20240202;105430;7124.000000000;4;9506334100;B
20240202;105430;7124.000000000;24;9506334101;B
20240202;105430;7123.500000000;8;9506334107;B
20240202;105434;7124.000000000;3;9506334353;B
20240202;105434;7124.500000000;2;9506334354;B
20240202;105434;7124.500000000;4;9506334394;B
20240202;105436;7124.500000000;5;9506334546;B
20240202;105438;7124.500000000;8;9506334712;B
20240202;105440;7122.000000000;22;9506334868;S
20240202;105440;7122.000000000;8;9506334869;S
20240202;105440;7121.500000000;2;9506334918;S
20240202;105444;7124.000000000;3;9506335132;B
20240202;105444;7124.000000000;5;9506335133;B
20240202;105445;7121.500000000;48;9506335207;S
20240202;105445;7121.500000000;2;9506335208;S
20240202;105451;7121.500000000;8;9506335789;B
20240202;105457;7121.500000000;9;9506336263;B
20240202;105457;7121.500000000;80;9506336264;B
20240202;105457;7122.000000000;50;9506336265;B
20240202;105457;7122.500000000;3;9506336266;B
20240202;105457;7122.500000000;20;9506336267;B
20240202;105457;7124.500000000;31;9506336268;B
20240202;105457;7124.500000000;14;9506336269;B
20240202;105457;7124.500000000;20;9506336270;B
20240202;105457;7125.000000000;149;9506336271;B
20240202;105457;7125.000000000;8;9506336272;B
20240202;105457;7125.000000000;20;9506336273;B
20240202;105457;7125.000000000;5;9506336274;B
20240202;105457;7125.000000000;35;9506336275;B
20240202;105457;7125.000000000;1;9506336276;B
20240202;105457;7125.000000000;10;9506336277;B
20240202;105457;7125.000000000;2;9506336278;B
20240202;105457;7125.000000000;3;9506336279;B
20240202;105457;7125.000000000;40;9506336280;B
20240202;105504;7122.000000000;3;9506336853;S
20240202;105504;7122.000000000;2;9506336854;S
20240202;105504;7122.000000000;10;9506336855;S
20240202;105504;7125.000000000;4;9506336913;B
20240202;105508;7124.000000000;1;9506337229;B
20240202;105508;7124.500000000;3;9506337230;B
20240202;105508;7125.000000000;4;9506337231;B
20240202;105509;7125.000000000;8;9506337284;B
20240202;105512;7125.000000000;10;9506337542;B
20240202;105512;7125.000000000;8;9506337550;B
20240202;105519;7121.500000000;2;9506339235;S
20240202;105519;7121.500000000;73;9506339236;S
20240202;105530;7124.500000000;10;9506340905;B
20240202;105533;7124.500000000;8;9506341196;B
20240202;105534;7124.500000000;3;9506341345;B
20240202;105534;7124.500000000;1;9506341346;B
20240202;105538;7125.000000000;8;9506342109;B
20240202;105540;7124.500000000;1;9506342425;S
20240202;105540;7125.000000000;2;9506342454;B
20240202;105544;7125.000000000;10;9506342817;B
20240202;105550;7125.000000000;10;9506343165;B
20240202;105553;7125.000000000;1;9506343410;B
20240202;105553;7125.000000000;8;9506343434;B
20240202;105554;7124.500000000;2;9506343488;S
20240202;105557;7125.000000000;1;9506343707;B
20240202;105601;7125.000000000;1;9506344109;B
20240202;105603;7124.500000000;2;9506344352;S
20240202;105603;7124.500000000;1;9506344354;S
20240202;105608;7125.000000000;8;9506344735;B
20240202;105610;7125.000000000;4;9506344911;B
20240202;105612;7125.000000000;36;9506345070;B
20240202;105612;7125.000000000;7;9506345071;B
20240202;105612;7125.000000000;1;9506345072;B
20240202;105612;7125.000000000;1;9506345073;B
20240202;105614;7125.000000000;8;9506345198;B
20240202;105619;7125.000000000;142;9506345580;B
20240202;105619;7125.000000000;20;9506345581;B
20240202;105619;7125.000000000;150;9506345611;B
20240202;105619;7125.000000000;150;9506345612;B
20240202;105620;7125.000000000;98;9506345747;B
20240202;105628;7125.000000000;5;9506346574;B
20240202;105628;7125.000000000;1;9506346627;B
20240202;105630;7124.500000000;1;9506346725;S
20240202;105630;7124.500000000;1;9506346726;S
20240202;105630;7124.500000000;1;9506346727;S
20240202;105630;7124.500000000;9;9506346728;S
20240202;105634;7125.000000000;5;9506347076;B
20240202;105634;7125.000000000;17;9506347077;B
20240202;105635;7125.000000000;8;9506347236;B
20240202;105637;7124.500000000;4;9506347485;S
20240202;105638;7125.000000000;8;9506347590;B
20240202;105640;7124.500000000;7;9506347930;S
20240202;105643;7125.000000000;1;9506348299;B
20240202;105656;7125.000000000;7;9506349502;B
20240202;105656;7125.000000000;1;9506349503;B
20240202;105656;7125.000000000;2;9506349536;B
20240202;105657;7125.000000000;2;9506349618;B
20240202;105658;7125.000000000;1;9506349647;B
20240202;105700;7125.000000000;55;9506349885;B
20240202;105702;7125.000000000;14;9506350025;B
20240202;105704;7125.000000000;4;9506350240;B
20240202;105708;7125.000000000;8;9506350524;B
20240202;105717;7125.000000000;4;9506351341;B
20240202;105717;7125.500000000;3;9506351342;B
20240202;105717;7125.500000000;1;9506351343;B
20240202;105717;7125.500000000;4;9506351351;B
20240202;105721;7125.500000000;4;9506351716;B
20240202;105726;7125.500000000;1;9506352104;B
20240202;105726;7126.000000000;7;9506352105;B
20240202;105726;7126.000000000;2;9506352106;B
20240202;105726;7127.500000000;11;9506352107;B
20240202;105726;7128.000000000;20;9506352108;B
20240202;105726;7128.000000000;1;9506352109;B
20240202;105726;7128.000000000;13;9506352110;B
20240202;105727;7126.000000000;1;9506352176;B
20240202;105727;7126.000000000;4;9506352188;B
20240202;105732;7126.000000000;3;9506352673;B
20240202;105734;7126.000000000;4;9506352797;B
20240202;105734;7126.000000000;4;9506352803;B
20240202;105734;7126.000000000;1;9506352804;B
20240202;105735;7126.000000000;4;9506352838;B
20240202;105735;7126.500000000;1;9506352839;B
20240202;105735;7126.500000000;2;9506352840;B
20240202;105737;7128.000000000;8;9506353084;B
20240202;105738;7128.000000000;8;9506353110;B
20240202;105743;7128.000000000;1;9506353829;B
20240202;105745;7128.000000000;20;9506354027;B
20240202;105748;7127.500000000;1;9506354315;S
20240202;105749;7128.000000000;1;9506354420;B
20240202;105750;7128.000000000;1;9506354464;B
20240202;105756;7128.000000000;5;9506355303;B
20240202;105758;7128.000000000;6;9506355440;B
20240202;105758;7128.500000000;1;9506355441;B
20240202;105758;7128.500000000;1;9506355442;B
20240202;105758;7128.500000000;11;9506355479;B
20240202;105758;7129.000000000;1;9506355480;B
20240202;105758;7129.000000000;4;9506355481;B
20240202;105758;7129.500000000;1;9506355482;B
20240202;105758;7129.500000000;1;9506355483;B
20240202;105758;7129.500000000;2;9506355484;B
20240202;105758;7129.500000000;3;9506355485;B
20240202;105758;7129.500000000;1;9506355486;B
20240202;105758;7129.500000000;14;9506355487;B
20240202;105758;7129.500000000;6;9506355488;B
20240202;105758;7129.500000000;6;9506355489;B
20240202;105758;7129.500000000;1;9506355490;B
20240202;105758;7130.000000000;1;9506355491;B
20240202;105758;7130.000000000;2;9506355492;B
20240202;105758;7130.000000000;46;9506355493;B
20240202;105759;7129.500000000;1;9506355499;B
20240202;105759;7129.500000000;2;9506355559;B
20240202;105759;7127.500000000;1;9506355608;S
20240202;105759;7129.500000000;5;9506355609;B
20240202;105801;7128.000000000;1;9506355691;S
20240202;105801;7128.000000000;10;9506355725;S
20240202;105801;7128.000000000;5;9506355729;S
20240202;105804;7129.500000000;3;9506355938;B
20240202;105804;7129.500000000;1;9506355939;B
20240202;105808;7130.000000000;4;9506356368;B
20240202;105808;7130.000000000;2;9506356369;B
20240202;105808;7130.000000000;1;9506356370;B
20240202;105808;7130.000000000;10;9506356434;B
20240202;105808;7130.000000000;1;9506356562;B
20240202;105809;7129.500000000;1;9506356592;S
20240202;105809;7130.000000000;3;9506356604;B
20240202;105811;7130.000000000;85;9506357037;B
20240202;105811;7130.000000000;5;9506357038;B
20240202;105811;7130.000000000;1;9506357039;B
20240202;105811;7130.000000000;21;9506357040;B
20240202;105811;7130.000000000;4;9506357041;B
20240202;105811;7130.000000000;1;9506357042;B
20240202;105811;7130.000000000;55;9506357043;B
20240202;105811;7130.000000000;5;9506357044;B
20240202;105811;7130.000000000;1;9506357045;B
20240202;105811;7130.000000000;1;9506357046;B
20240202;105811;7130.000000000;2;9506357047;B
20240202;105811;7130.000000000;1;9506357048;B
20240202;105811;7130.000000000;1;9506357049;B
20240202;105811;7130.000000000;4;9506357050;B
20240202;105811;7130.000000000;30;9506357051;B
20240202;105811;7130.000000000;27;9506357052;B
20240202;105811;7130.000000000;5;9506357053;B
20240202;105811;7130.000000000;1;9506357054;B
20240202;105811;7130.000000000;10;9506357055;B
20240202;105811;7130.000000000;1;9506357056;B
20240202;105811;7130.000000000;1;9506357057;B
20240202;105811;7130.000000000;20;9506357058;B
20240202;105811;7130.000000000;5;9506357059;B
20240202;105811;7130.500000000;1;9506357060;B
20240202;105811;7130.500000000;169;9506357061;B
20240202;105811;7130.500000000;43;9506357062;B
20240202;105811;7130.000000000;5;9506357063;S
20240202;105815;7129.500000000;2;9506357481;S
20240202;105817;7130.000000000;5;9506357571;B
20240202;105817;7130.000000000;10;9506357572;B
20240202;105817;7130.500000000;5;9506357573;B
20240202;105818;7130.500000000;10;9506357694;B
20240202;105819;7130.000000000;2;9506357706;S
20240202;105819;7130.500000000;8;9506357717;B
20240202;105820;7130.000000000;4;9506357791;S
20240202;105822;7130.500000000;70;9506358046;B
20240202;105823;7130.500000000;1;9506358172;B
20240202;105825;7130.000000000;2;9506358347;S
20240202;105825;7130.500000000;2;9506358355;B
20240202;105829;7130.500000000;3;9506358869;B
20240202;105833;7130.500000000;10;9506359221;B
20240202;105834;7130.500000000;1;9506359304;B
20240202;105835;7130.000000000;94;9506359525;S
20240202;105835;7130.000000000;5;9506359526;S
20240202;105835;7130.000000000;2;9506359527;S
20240202;105835;7130.000000000;5;9506359528;S
20240202;105835;7130.000000000;1;9506359529;S
20240202;105835;7130.000000000;4;9506359530;S
20240202;105837;7130.500000000;6;9506359674;B
20240202;105838;7130.500000000;10;9506359731;B
20240202;105838;7130.500000000;1;9506359732;B
20240202;105838;7130.500000000;1;9506359733;B
20240202;105838;7131.000000000;6;9506359734;B
20240202;105838;7131.000000000;99;9506359735;B
20240202;105838;7131.000000000;30;9506359736;B
20240202;105838;7131.000000000;2;9506359737;B
20240202;105838;7131.000000000;1;9506359738;B
20240202;105838;7132.000000000;1;9506359740;B
20240202;105838;7132.000000000;7;9506359741;B
20240202;105840;7132.000000000;8;9506359907;B
20240202;105840;7132.000000000;4;9506359939;B
20240202;105843;7132.000000000;1;9506360141;B
20240202;105843;7132.000000000;20;9506360142;B
20240202;105843;7132.000000000;1;9506360143;B
20240202;105843;7132.000000000;15;9506360144;B
20240202;105843;7132.500000000;4;9506360145;B
20240202;105843;7132.500000000;1;9506360146;B
20240202;105843;7133.000000000;1;9506360147;B
20240202;105843;7133.000000000;57;9506360148;B
20240202;105843;7133.000000000;3;9506360227;B
20240202;105843;7133.000000000;27;9506360228;B
20240202;105846;7133.500000000;1;9506360567;B
20240202;105846;7133.500000000;1;9506360644;B
20240202;105849;7133.500000000;26;9506361143;B
20240202;105849;7134.000000000;1;9506361144;B
20240202;105849;7134.000000000;10;9506361145;B
20240202;105849;7134.000000000;1;9506361146;B
20240202;105849;7134.000000000;1;9506361147;B
20240202;105849;7134.000000000;1;9506361148;B
20240202;105849;7134.000000000;10;9506361149;B
20240202;105854;7133.000000000;1;9506362001;B
20240202;105854;7133.500000000;1;9506362002;B
20240202;105854;7134.000000000;1;9506362003;B
20240202;105854;7134.500000000;4;9506362004;B
20240202;105854;7134.500000000;1;9506362005;B
20240202;105854;7134.500000000;5;9506362006;B
20240202;105854;7134.500000000;10;9506362007;B
20240202;105854;7134.500000000;10;9506362008;B
20240202;105854;7134.500000000;5;9506362009;B
20240202;105854;7134.500000000;2;9506362010;B
20240202;105854;7135.000000000;1;9506362011;B
20240202;105854;7135.000000000;1;9506362012;B
20240202;105854;7135.000000000;1;9506362013;B
20240202;105854;7135.000000000;1;9506362014;B
20240202;105854;7135.000000000;1;9506362015;B
20240202;105854;7135.000000000;55;9506362016;B
20240202;105858;7133.000000000;5;9506362539;S
20240202;105859;7133.000000000;5;9506362711;S
20240202;105900;7133.500000000;4;9506362747;B
20240202;105900;7134.000000000;3;9506362748;B
20240202;105900;7134.000000000;1;9506362749;B
20240202;105900;7134.000000000;28;9506362750;B
20240202;105900;7134.500000000;11;9506362751;B
20240202;105900;7135.000000000;3;9506362752;B
20240202;105900;7134.500000000;8;9506362836;B
20240202;105903;7134.500000000;12;9506363099;B
20240202;105904;7134.500000000;5;9506363166;B
20240202;105905;7133.500000000;1;9506363284;S
20240202;105908;7134.000000000;1;9506363507;B
20240202;105908;7134.500000000;3;9506363508;B
20240202;105908;7134.500000000;1;9506363509;B
20240202;105908;7135.000000000;3;9506363510;B
20240202;105910;7134.500000000;28;9506363678;B
20240202;105910;7135.000000000;189;9506363679;B
20240202;105910;7135.000000000;3;9506363680;B
20240202;105910;7135.000000000;100;9506363681;B
20240202;105910;7135.000000000;6;9506363682;B
20240202;105910;7135.000000000;1;9506363683;B
20240202;105910;7135.000000000;1;9506363684;B
20240202;105910;7135.000000000;50;9506363685;B
20240202;105910;7135.000000000;5;9506363686;B
20240202;105910;7135.000000000;1;9506363687;B
20240202;105910;7135.000000000;21;9506363688;B
20240202;105910;7135.000000000;1;9506363689;B
20240202;105910;7135.000000000;20;9506363690;B
20240202;105910;7135.000000000;2;9506363691;B
20240202;105910;7135.000000000;350;9506363692;B
20240202;105910;7135.000000000;4;9506363693;B
20240202;105910;7135.000000000;1;9506363694;B
20240202;105910;7135.000000000;10;9506363695;B
20240202;105910;7135.000000000;2;9506363696;B
20240202;105910;7135.000000000;1;9506363697;B
20240202;105910;7135.500000000;1;9506363698;B
20240202;105910;7135.500000000;1;9506363699;B
20240202;105910;7135.500000000;2;9506363700;B
20240202;105910;7135.500000000;1;9506363701;B
20240202;105910;7136.000000000;35;9506363702;B
20240202;105910;7136.000000000;11;9506363703;B
20240202;105910;7136.000000000;70;9506363704;B
20240202;105911;7136.000000000;20;9506363734;S
20240202;105911;7136.000000000;35;9506363741;S
20240202;105911;7136.500000000;6;9506363778;B
20240202;105911;7137.000000000;7;9506363779;B
20240202;105911;7137.000000000;5;9506363780;B
20240202;105911;7137.000000000;1;9506363781;B
20240202;105911;7137.000000000;2;9506363782;B
20240202;105911;7137.500000000;1;9506363783;B
20240202;105911;7137.500000000;28;9506363784;B
20240202;105911;7138.000000000;1;9506363785;B
20240202;105911;7138.000000000;49;9506363786;B
20240202;105911;7138.000000000;2;9506363795;B
20240202;105911;7138.000000000;19;9506363796;B
20240202;105911;7138.000000000;2;9506363797;B
20240202;105911;7138.000000000;1;9506363798;B
20240202;105911;7138.000000000;20;9506363799;B
20240202;105911;7138.500000000;1;9506363800;B
20240202;105911;7138.500000000;5;9506363801;B
20240202;105911;7138.500000000;2;9506363802;B
20240202;105911;7139.000000000;1;9506363817;B
20240202;105911;7136.000000000;1;9506363876;S
20240202;105911;7139.000000000;2;9506363877;B
20240202;105911;7139.000000000;1;9506363878;B
20240202;105911;7139.000000000;1;9506363879;B
20240202;105911;7139.000000000;1;9506363880;B
20240202;105911;7139.000000000;5;9506363881;B
20240202;105911;7139.000000000;2;9506363882;B
20240202;105911;7139.000000000;1;9506363883;B
20240202;105911;7139.000000000;2;9506363884;B
20240202;105911;7138.500000000;5;9506363885;S
20240202;105912;7138.500000000;20;9506363918;S
20240202;105912;7139.000000000;1;9506363932;B
20240202;105912;7139.000000000;1;9506363933;B
20240202;105912;7139.000000000;1;9506363937;B
20240202;105912;7139.000000000;1;9506363943;B
20240202;105912;7139.000000000;1;9506363955;B
20240202;105912;7138.500000000;3;9506363956;S
20240202;105912;7139.000000000;2;9506363995;B
20240202;105912;7138.500000000;1;9506363999;S
20240202;105912;7139.000000000;2;9506364010;B
20240202;105912;7139.000000000;2;9506364055;B
20240202;105915;7138.500000000;1;9506364387;S
20240202;105917;7139.000000000;1;9506364546;B
20240202;105920;7139.000000000;6;9506364813;B
20240202;105920;7139.000000000;1;9506364814;B
20240202;105921;7139.000000000;5;9506364918;B
20240202;105921;7139.000000000;1;9506364919;B
20240202;105921;7139.000000000;2;9506364920;B
20240202;105923;7139.000000000;1;9506365187;B
20240202;105923;7139.000000000;1;9506365188;B
20240202;105923;7139.000000000;1;9506365189;B
20240202;105923;7139.000000000;2;9506365190;B
20240202;105923;7139.000000000;2;9506365191;B
20240202;105923;7139.000000000;1;9506365192;B
20240202;105924;7139.000000000;5;9506365214;B
20240202;105925;7139.000000000;5;9506365352;B
20240202;105925;7139.000000000;1;9506365353;B
20240202;105925;7139.000000000;1;9506365354;B
20240202;105925;7139.000000000;3;9506365355;B
20240202;105925;7139.000000000;1;9506365356;B
20240202;105925;7139.000000000;2;9506365357;B
20240202;105925;7139.000000000;1;9506365358;B
20240202;105925;7139.000000000;1;9506365359;B
20240202;105925;7139.000000000;1;9506365394;B
20240202;105925;7139.000000000;2;9506365395;B
20240202;105925;7139.000000000;1;9506365396;B
20240202;105925;7139.000000000;4;9506365397;B
20240202;105925;7139.500000000;1;9506365398;B
20240202;105925;7139.500000000;1;9506365399;B
20240202;105925;7139.500000000;1;9506365400;B
20240202;105925;7139.500000000;1;9506365401;B
20240202;105925;7139.500000000;2;9506365402;B
20240202;105925;7139.500000000;3;9506365403;B
20240202;105925;7140.000000000;1;9506365404;B
20240202;105925;7140.000000000;1;9506365405;B
20240202;105925;7140.000000000;2;9506365406;B
20240202;105925;7140.000000000;1;9506365407;B
20240202;105925;7140.000000000;1;9506365408;B
20240202;105925;7140.000000000;1;9506365409;B
20240202;105925;7140.000000000;3;9506365410;B
20240202;105925;7140.000000000;30;9506365411;B
20240202;105925;7140.000000000;1;9506365412;B
20240202;105925;7140.000000000;150;9506365413;B
20240202;105925;7140.000000000;5;9506365414;B
20240202;105925;7140.000000000;1;9506365415;B
20240202;105925;7140.000000000;7;9506365416;B
20240202;105925;7140.000000000;51;9506365417;B
20240202;105925;7140.000000000;1;9506365418;B
20240202;105925;7140.000000000;200;9506365419;B
20240202;105925;7140.000000000;11;9506365420;B
20240202;105925;7140.000000000;16;9506365421;B
20240202;105926;7139.000000000;1;9506365440;S
20240202;105926;7139.000000000;1;9506365441;S
20240202;105926;7138.500000000;6;9506365442;S
20240202;105926;7138.500000000;14;9506365447;S
20240202;105926;7138.500000000;1;9506365448;S
20240202;105926;7138.000000000;2;9506365449;S
20240202;105926;7137.000000000;4;9506365452;S
20240202;105926;7138.000000000;8;9506365456;B
20240202;105926;7138.000000000;4;9506365469;B
20240202;105926;7138.000000000;5;9506365473;B
20240202;105926;7138.000000000;2;9506365487;B
20240202;105927;7138.000000000;40;9506365503;B
20240202;105927;7137.500000000;2;9506365619;S
20240202;105928;7137.500000000;16;9506365659;S
20240202;105928;7136.500000000;1;9506365680;S
20240202;105928;7138.000000000;50;9506365694;B
20240202;105928;7136.000000000;27;9506365696;S
20240202;105928;7136.000000000;2;9506365697;S
20240202;105928;7135.000000000;11;9506365698;S
20240202;105933;7137.500000000;1;9506366103;B
20240202;105934;7137.000000000;1;9506366187;B
20240202;105934;7137.500000000;3;9506366188;B
20240202;105935;7137.500000000;1;9506366356;B
20240202;105935;7137.500000000;2;9506366357;B
20240202;105935;7138.000000000;86;9506366358;B
20240202;105935;7139.500000000;2;9506366359;B
20240202;105935;7139.500000000;1;9506366360;B
20240202;105935;7139.500000000;1;9506366361;B
20240202;105935;7139.500000000;5;9506366362;B
20240202;105935;7140.000000000;4;9506366363;B
20240202;105935;7140.000000000;1;9506366364;B
20240202;105935;7140.000000000;4;9506366365;B
20240202;105935;7140.000000000;1;9506366366;B
20240202;105935;7140.000000000;3;9506366367;B
20240202;105936;7140.000000000;11;9506366565;B
20240202;105936;7140.000000000;2;9506366566;B
