<DATE>;<TIME>;<LAST>;<VOL>;<ID>;<OPER>
20240212;095950;7294.500000000;3;9586035392;B
20240212;095950;7294.500000000;1;9586035393;S
20240212;095950;7294.500000000;10;9586035394;S
20240212;095950;7294.500000000;4;9586035395;S
20240212;095950;7294.500000000;4;9586035396;B
20240212;095950;7294.500000000;5;9586035397;B
20240212;095950;7294.500000000;2;9586035398;S
20240212;095950;7294.500000000;1;9586035399;S
20240212;095950;7294.500000000;4;9586035400;B
20240212;095950;7294.500000000;1;9586035401;B
20240212;095950;7294.500000000;1;9586035402;B
20240212;095950;7294.500000000;17;9586035403;B
20240212;095950;7294.500000000;2;9586035404;S
20240212;095950;7294.500000000;9;9586035405;B
20240212;095950;7294.500000000;1;9586035406;B
20240212;095950;7294.500000000;3;9586035407;B
20240212;095950;7294.500000000;2;9586035408;B
20240212;095950;7294.500000000;1;9586035409;B
20240212;095950;7294.500000000;1;9586035410;B
20240212;095950;7294.500000000;2;9586035411;S
20240212;095950;7294.500000000;7;9586035412;S
20240212;095950;7294.500000000;4;9586035413;S
20240212;095950;7294.500000000;7;9586035414;B
20240212;095950;7294.500000000;1;9586035415;B
20240212;095950;7294.500000000;5;9586035416;B
20240212;095950;7294.500000000;5;9586035417;B
20240212;095950;7294.500000000;5;9586035418;B
20240212;095950;7294.500000000;16;9586035419;B
20240212;095950;7294.500000000;84;9586035420;B
20240212;095950;7294.500000000;5;9586035421;B
20240212;095950;7294.500000000;5;9586035422;B
20240212;095950;7294.500000000;5;9586035423;B
20240212;095950;7294.500000000;5;9586035424;S
20240212;095950;7294.500000000;5;9586035425;B
20240212;095950;7294.500000000;5;9586035426;B
20240212;095950;7294.500000000;5;9586035427;B
20240212;095950;7294.500000000;5;9586035428;B
20240212;095950;7294.500000000;5;9586035429;B
20240212;095950;7294.500000000;3;9586035430;B
20240212;095950;7294.500000000;5;9586035431;B
20240212;095950;7294.500000000;5;9586035432;B
20240212;095950;7294.500000000;5;9586035433;B
20240212;095950;7294.500000000;4;9586035434;B
20240212;095950;7294.500000000;2;9586035435;B
20240212;095950;7294.500000000;10;9586035436;B
20240212;095950;7294.500000000;20;9586035437;B
20240212;095950;7294.500000000;14;9586035438;B
20240212;095950;7294.500000000;5;9586035439;B
20240212;095950;7294.500000000;1;9586035440;B
20240212;095950;7294.500000000;38;9586035441;B
20240212;095950;7294.500000000;25;9586035442;B
20240212;100000;7290.000000000;10;9586038773;S
20240212;100000;7294.000000000;28;9586038776;B
20240212;100000;7293.000000000;10;9586038910;S
20240212;100000;7293.500000000;10;9586038923;B
20240212;100000;7293.500000000;1;9586038960;B
20240212;100000;7293.500000000;3;9586038972;B
20240212;100000;7293.500000000;1;9586039023;B
20240212;100000;7293.500000000;1;9586039033;B
20240212;100000;7293.500000000;2;9586039039;B
20240212;100000;7293.000000000;1;9586039053;B
20240212;100000;7293.000000000;1;9586039063;B
20240212;100000;7293.000000000;3;9586039070;B
20240212;100000;7293.000000000;1;9586039074;B
20240212;100000;7293.000000000;1;9586039081;B
20240212;100000;7293.000000000;1;9586039103;B
20240212;100000;7292.500000000;4;9586039153;B
20240212;100000;7292.500000000;6;9586039160;B
20240212;100000;7292.500000000;9;9586039161;B
20240212;100000;7294.000000000;18;9586039162;B
20240212;100000;7294.000000000;2;9586039167;B
20240212;100000;7294.000000000;1;9586039198;B
20240212;100000;7294.000000000;6;9586039201;B
20240212;100000;7294.500000000;4;9586039202;B
20240212;100000;7294.500000000;4;9586039226;B
20240212;100000;7294.000000000;2;9586039295;S
20240212;100000;7294.000000000;1;9586039296;S
20240212;100000;7294.000000000;1;9586039297;S
20240212;100000;7294.000000000;2;9586039298;S
20240212;100000;7294.000000000;2;9586039299;S
20240212;100000;7294.000000000;2;9586039300;S
20240212;100000;7294.000000000;1;9586039301;S
20240212;100000;7294.000000000;1;9586039302;S
20240212;100000;7294.500000000;4;9586039305;B
20240212;100000;7294.000000000;5;9586039309;S
20240212;100000;7294.000000000;2;9586039310;S
20240212;100000;7294.000000000;2;9586039314;S
20240212;100000;7294.000000000;2;9586039315;S
20240212;100000;7294.000000000;3;9586039322;S
20240212;100000;7294.000000000;11;9586039338;S
20240212;100000;7294.000000000;5;9586039432;S
20240212;100000;7294.000000000;1;9586039433;S
20240212;100000;7294.000000000;1;9586039434;S
20240212;100000;7294.000000000;2;9586039435;S
20240212;100000;7294.000000000;23;9586039436;S
20240212;100000;7294.000000000;20;9586039437;S
20240212;100000;7294.000000000;1;9586039438;S
20240212;100000;7294.000000000;70;9586039439;S
20240212;100000;7294.000000000;1;9586039440;S
20240212;100000;7294.000000000;1;9586039441;S
20240212;100000;7294.000000000;7;9586039442;S
20240212;100000;7293.500000000;1;9586039443;S
20240212;100000;7293.500000000;1;9586039444;S
20240212;100000;7293.500000000;10;9586039445;S
20240212;100000;7293.500000000;6;9586039446;S
20240212;100000;7293.500000000;4;9586039586;S
20240212;100000;7293.500000000;10;9586039587;S
20240212;100000;7293.500000000;20;9586039588;S
20240212;100000;7293.500000000;1;9586039589;S
20240212;100000;7293.500000000;6;9586039618;B
20240212;100000;7294.000000000;4;9586039619;B
20240212;100000;7294.000000000;20;9586039629;B
20240212;100000;7294.000000000;1;9586039640;B
20240212;100000;7294.000000000;2;9586039641;B
20240212;100000;7294.500000000;8;9586039642;B
20240212;100000;7294.000000000;6;9586039666;S
20240212;100000;7294.500000000;4;9586039681;B
20240212;100000;7294.500000000;5;9586039682;B
20240212;100000;7294.500000000;1;9586039683;B
20240212;100000;7294.000000000;4;9586039685;S
20240212;100000;7294.000000000;1;9586039686;S
20240212;100000;7294.000000000;1;9586039687;S
20240212;100000;7294.000000000;4;9586039688;S
20240212;100001;7294.500000000;3;9586039917;B
20240212;100001;7294.500000000;6;9586039932;B
20240212;100001;7294.500000000;1;9586039933;B
20240212;100001;7294.500000000;19;9586040228;B
20240212;100001;7294.500000000;1;9586040231;B
20240212;100001;7294.500000000;3;9586040248;B
20240212;100001;7294.500000000;3;9586040253;B
20240212;100001;7295.000000000;10;9586040336;B
20240212;100001;7295.000000000;95;9586040337;B
20240212;100001;7295.000000000;5;9586040338;B
20240212;100001;7295.000000000;3;9586040339;B
20240212;100001;7295.000000000;5;9586040340;B
20240212;100001;7295.000000000;27;9586040341;B
20240212;100001;7295.000000000;8;9586040343;S
20240212;100001;7295.000000000;19;9586040344;S
20240212;100001;7295.500000000;5;9586040346;B
20240212;100001;7295.500000000;12;9586040347;B
20240212;100001;7295.500000000;8;9586040348;B
20240212;100001;7295.500000000;25;9586040351;B
20240212;100001;7295.500000000;2;9586040357;B
20240212;100001;7296.000000000;5;9586040358;B
20240212;100001;7296.000000000;2;9586040556;B
20240212;100001;7295.000000000;7;9586040568;S
20240212;100001;7295.000000000;11;9586040569;B
20240212;100001;7295.000000000;20;9586040643;B
20240212;100001;7295.000000000;2;9586040645;B
20240212;100001;7295.000000000;5;9586040659;B
20240212;100001;7295.000000000;10;9586040660;B
20240212;100001;7295.000000000;2;9586040670;B
20240212;100001;7295.000000000;1;9586040674;B
20240212;100001;7295.500000000;7;9586040678;B
20240212;100001;7295.500000000;13;9586040679;B
20240212;100001;7295.500000000;4;9586040685;B
20240212;100001;7295.500000000;16;9586040689;S
20240212;100001;7295.000000000;3;9586040690;B
20240212;100001;7295.500000000;3;9586040699;B
20240212;100001;7295.000000000;7;9586040704;B
20240212;100001;7295.000000000;4;9586040719;B
20240212;100001;7294.500000000;1;9586040785;S
20240212;100001;7294.500000000;1;9586040786;S
20240212;100001;7292.500000000;5;9586040810;S
20240212;100002;7294.500000000;1;9586040965;S
20240212;100002;7294.500000000;1;9586041066;S
20240212;100002;7290.500000000;2;9586041067;S
20240212;100002;7295.000000000;16;9586041373;B
20240212;100002;7295.500000000;6;9586041374;B
20240212;100002;7296.000000000;10;9586041375;B
20240212;100002;7296.500000000;5;9586041376;B
20240212;100002;7297.000000000;5;9586041377;B
20240212;100002;7297.500000000;5;9586041378;B
20240212;100002;7297.500000000;10;9586041379;B
20240212;100002;7298.000000000;12;9586041380;B
20240212;100002;7298.000000000;1;9586041381;B
20240212;100002;7293.500000000;27;9586041399;S
20240212;100002;7293.500000000;27;9586041402;B
20240212;100002;7294.500000000;20;9586041417;B
20240212;100002;7296.000000000;1;9586041423;B
20240212;100003;7293.000000000;1;9586042073;S
20240212;100003;7295.000000000;14;9586042280;B
20240212;100005;7293.000000000;1;9586044193;S
20240212;100005;7293.000000000;5;9586044240;S
20240212;100005;7292.500000000;5;9586044241;S
20240212;100006;7294.500000000;1;9586045609;B
20240212;100006;7292.000000000;3;9586045617;S
20240212;100006;7292.000000000;2;9586046588;S
20240212;100007;7292.000000000;1;9586046930;S
20240212;100007;7294.000000000;1;9586047251;B
20240212;100007;7292.000000000;2;9586047343;S
20240212;100007;7291.500000000;2;9586047344;S
20240212;100007;7293.500000000;1;9586048236;B
20240212;100007;7293.500000000;1;9586048237;B
20240212;100008;7292.000000000;5;9586049824;S
20240212;100008;7291.500000000;5;9586050427;S
20240212;100008;7291.500000000;1;9586050431;S
20240212;100009;7291.000000000;1;9586050928;S
20240212;100009;7291.000000000;1;9586050929;S
20240212;100009;7293.500000000;1;9586052642;B
20240212;100009;7293.500000000;1;9586052649;B
20240212;100009;7292.500000000;4;9586052658;S
20240212;100009;7292.500000000;38;9586052667;S
20240212;100009;7292.000000000;2;9586052668;S
20240212;100009;7292.000000000;2;9586052669;S
20240212;100009;7292.000000000;2;9586052670;S
20240212;100009;7292.000000000;14;9586052671;S
20240212;100009;7292.000000000;12;9586052672;S
20240212;100010;7292.000000000;1;9586053978;S
20240212;100010;7293.000000000;1;9586054451;B
20240212;100010;7294.000000000;3;9586054511;S
20240212;100010;7294.000000000;2;9586054513;S
20240212;100011;7294.500000000;5;9586054991;B
20240212;100013;7295.000000000;5;9586056210;B
20240212;100014;7294.000000000;2;9586056661;S
20240212;100015;7295.000000000;5;9586056832;B
20240212;100015;7295.500000000;27;9586056833;B
20240212;100015;7297.000000000;10;9586056834;B
20240212;100015;7298.000000000;4;9586056835;B
20240212;100015;7298.000000000;3;9586056836;B
20240212;100015;7298.000000000;11;9586056837;B
20240212;100015;7297.000000000;13;9586056838;B
20240212;100015;7296.500000000;1;9586056840;S
20240212;100016;7297.500000000;10;9586057318;B
20240212;100016;7297.500000000;17;9586057319;B
20240212;100016;7297.500000000;5;9586057320;B
20240212;100016;7298.500000000;5;9586057321;B
20240212;100016;7299.000000000;1;9586057322;B
20240212;100016;7299.000000000;75;9586057323;B
20240212;100016;7299.000000000;100;9586057324;B
20240212;100016;7299.000000000;5;9586057325;B
20240212;100016;7299.500000000;1;9586057326;B
20240212;100016;7299.500000000;3;9586057327;B
20240212;100016;7299.500000000;5;9586057328;B
20240212;100016;7299.500000000;50;9586057329;B
20240212;100016;7300.000000000;13;9586057330;B
20240212;100016;7300.000000000;4;9586057331;B
20240212;100016;7300.000000000;2;9586057332;B
20240212;100016;7300.000000000;5;9586057333;B
20240212;100016;7300.000000000;1;9586057334;B
20240212;100016;7300.000000000;1;9586057335;B
20240212;100016;7300.000000000;1;9586057336;B
20240212;100016;7300.000000000;127;9586057337;B
20240212;100016;7300.000000000;7;9586057338;B
20240212;100016;7300.000000000;19;9586057339;B
20240212;100016;7300.000000000;17;9586057340;B
20240212;100016;7300.000000000;4;9586057341;B
20240212;100016;7300.000000000;1;9586057342;B
20240212;100016;7300.000000000;1;9586057343;B
20240212;100016;7300.000000000;1;9586057344;B
20240212;100016;7300.000000000;126;9586057345;B
20240212;100016;7300.000000000;7;9586057346;B
20240212;100016;7300.000000000;19;9586057347;B
20240212;100016;7300.000000000;16;9586057348;B
20240212;100016;7300.000000000;3;9586057349;B
20240212;100016;7300.000000000;1;9586057350;B
20240212;100016;7300.000000000;126;9586057351;B
20240212;100016;7300.000000000;7;9586057352;B
20240212;100016;7300.000000000;19;9586057353;B
20240212;100016;7300.000000000;16;9586057354;B
20240212;100016;7300.000000000;3;9586057355;B
20240212;100016;7300.000000000;1;9586057356;B
20240212;100016;7300.000000000;126;9586057357;B
20240212;100016;7300.000000000;6;9586057358;B
20240212;100016;7300.000000000;18;9586057359;B
20240212;100016;7300.000000000;16;9586057360;B
20240212;100016;7300.000000000;3;9586057361;B
20240212;100016;7300.000000000;126;9586057362;B
20240212;100016;7300.000000000;6;9586057363;B
20240212;100016;7300.000000000;18;9586057364;B
20240212;100016;7300.000000000;16;9586057365;B
20240212;100016;7300.000000000;3;9586057366;B
20240212;100016;7300.000000000;3;9586057367;B
20240212;100016;7300.000000000;450;9586057368;B
20240212;100016;7300.000000000;403;9586057369;B
20240212;100016;7300.000000000;119;9586057370;B
20240212;100016;7300.000000000;98;9586057371;B
20240212;100016;7300.000000000;584;9586057372;B
20240212;100016;7300.000000000;6;9586057373;B
20240212;100016;7300.000000000;5;9586057374;B
20240212;100016;7300.000000000;198;9586057375;B
20240212;100016;7300.000000000;178;9586057376;B
20240212;100016;7300.000000000;178;9586057377;B
20240212;100016;7300.000000000;178;9586057378;B
20240212;100016;7300.000000000;200;9586057379;B
20240212;100016;7300.000000000;200;9586057380;B
20240212;100016;7300.000000000;10;9586057381;B
20240212;100016;7300.000000000;27;9586057382;S
20240212;100016;7300.000000000;5;9586057383;S
20240212;100016;7300.500000000;5;9586057384;B
20240212;100016;7301.000000000;5;9586057385;B
20240212;100016;7301.500000000;5;9586057391;B
20240212;100016;7302.000000000;5;9586057392;B
20240212;100016;7302.000000000;20;9586057393;B
20240212;100016;7302.500000000;13;9586057394;B
20240212;100016;7302.500000000;5;9586057395;B
20240212;100016;7303.000000000;5;9586057396;B
20240212;100016;7303.500000000;5;9586057397;B
20240212;100016;7304.000000000;3;9586057398;B
20240212;100016;7304.000000000;5;9586057399;B
20240212;100016;7304.500000000;1;9586057400;B
20240212;100016;7304.500000000;5;9586057401;B
20240212;100016;7305.000000000;50;9586057402;B
20240212;100016;7305.000000000;5;9586057403;B
20240212;100016;7305.500000000;5;9586057404;B
20240212;100016;7306.000000000;1;9586057412;B
20240212;100016;7306.000000000;22;9586057413;B
20240212;100016;7306.000000000;16;9586057414;B
20240212;100016;7306.000000000;5;9586057415;B
20240212;100016;7306.500000000;2;9586057416;B
20240212;100016;7306.000000000;2;9586057467;S
20240212;100017;7306.500000000;1;9586057485;B
20240212;100017;7306.500000000;1;9586057486;B
20240212;100017;7306.500000000;1;9586057487;B
20240212;100017;7307.000000000;1;9586057535;B
20240212;100017;7306.500000000;4;9586057622;S
20240212;100017;7306.500000000;1;9586057625;S
20240212;100017;7306.000000000;4;9586057626;S
20240212;100017;7306.000000000;1;9586057628;S
20240212;100017;7306.000000000;3;9586057629;S
20240212;100017;7306.000000000;2;9586057649;S
20240212;100017;7306.000000000;1;9586057659;S
20240212;100017;7306.000000000;1;9586057675;S
20240212;100017;7306.000000000;2;9586057685;S
20240212;100017;7306.000000000;1;9586057695;S
20240212;100017;7306.000000000;1;9586057701;S
20240212;100017;7306.000000000;5;9586057721;S
20240212;100018;7306.000000000;3;9586057749;S
20240212;100018;7304.500000000;1;9586057755;S
20240212;100018;7304.500000000;5;9586057847;S
20240212;100019;7304.500000000;21;9586057945;S
20240212;100022;7301.500000000;10;9586058662;S
20240212;100022;7301.000000000;27;9586058663;S
20240212;100022;7301.000000000;4;9586058664;S
20240212;100022;7300.000000000;1;9586058665;B
20240212;100023;7300.000000000;1;9586059084;S
20240212;100024;7304.500000000;10;9586059219;B
20240212;100024;7305.000000000;5;9586059220;B
20240212;100024;7305.500000000;1;9586059221;B
20240212;100024;7306.000000000;4;9586059222;B
20240212;100024;7306.500000000;30;9586059223;B
20240212;100024;7306.500000000;3;9586059225;B
20240212;100024;7301.500000000;58;9586059269;S
20240212;100024;7300.500000000;27;9586059270;S
20240212;100024;7300.000000000;10;9586059271;S
20240212;100030;7300.000000000;2;9586060802;B
20240212;100030;7300.000000000;10;9586061193;B
20240212;100032;7299.500000000;2;9586061536;B
20240212;100034;7295.500000000;2;9586062073;S
20240212;100038;7299.500000000;3;9586062848;B
20240212;100039;7299.500000000;11;9586062924;B
20240212;100039;7299.500000000;7;9586062925;B
20240212;100039;7300.000000000;393;9586062926;B
20240212;100039;7300.000000000;1;9586062927;B
20240212;100039;7300.000000000;51;9586062928;B
20240212;100039;7304.000000000;10;9586062929;B
20240212;100039;7304.000000000;4;9586062930;B
20240212;100039;7304.500000000;20;9586062931;B
20240212;100039;7305.000000000;200;9586062932;B
20240212;100039;7306.000000000;2;9586062933;B
20240212;100039;7306.500000000;10;9586062934;B
20240212;100039;7307.000000000;4;9586062935;B
20240212;100039;7307.500000000;5;9586062936;B
20240212;100039;7308.000000000;5;9586062937;B
20240212;100039;7308.000000000;8;9586062938;B
20240212;100039;7308.000000000;10;9586062939;B
20240212;100039;7308.500000000;5;9586062940;B
20240212;100039;7308.500000000;40;9586062941;B
20240212;100039;7309.000000000;2;9586062942;B
20240212;100039;7309.000000000;5;9586062943;B
20240212;100039;7309.000000000;8;9586062944;B
20240212;100039;7308.500000000;10;9586062945;B
20240212;100039;7308.500000000;10;9586062946;B
20240212;100039;7308.000000000;1;9586062947;S
20240212;100039;7308.000000000;19;9586062948;S
20240212;100040;7304.500000000;10;9586063139;B
20240212;100040;7304.500000000;10;9586063142;B
20240212;100041;7307.000000000;1;9586063595;B
20240212;100042;7308.000000000;20;9586063817;B
20240212;100044;7307.500000000;42;9586064132;B
20240212;100044;7308.000000000;100;9586064133;B
20240212;100044;7308.500000000;10;9586064134;B
20240212;100044;7308.500000000;131;9586064135;B
20240212;100044;7309.000000000;101;9586064136;B
20240212;100044;7309.000000000;5;9586064137;B
20240212;100044;7309.000000000;111;9586064138;B
20240212;100045;7306.000000000;6;9586064452;S
20240212;100046;7309.000000000;10;9586064535;B
20240212;100046;7309.500000000;5;9586064536;B
20240212;100047;7309.500000000;2;9586064810;B
20240212;100047;7307.000000000;1;9586064811;S
20240212;100053;7308.500000000;20;9586066329;B
20240212;100053;7309.000000000;42;9586066330;B
20240212;100053;7310.000000000;5;9586066331;B
20240212;100053;7310.000000000;1;9586066332;B
20240212;100054;7310.500000000;2;9586066459;B
20240212;100054;7310.000000000;3;9586066461;S
20240212;100054;7310.000000000;1;9586066503;S
20240212;100054;7310.000000000;1;9586066504;S
20240212;100054;7310.000000000;1;9586066513;S
20240212;100055;7310.000000000;21;9586066648;S
20240212;100056;7310.000000000;1;9586066804;S
20240212;100058;7310.500000000;3;9586067363;B
20240212;100058;7310.500000000;3;9586067364;B
20240212;100059;7307.500000000;5;9586067481;S
20240212;100059;7310.500000000;1;9586067548;B
20240212;100102;7307.500000000;8;9586068066;S
20240212;100108;7309.000000000;1;9586069100;B
20240212;100108;7310.000000000;3;9586069101;B
20240212;100110;7307.500000000;10;9586069503;S
20240212;100113;7310.500000000;5;9586070171;B
20240212;100113;7310.500000000;2;9586070172;B
20240212;100113;7310.500000000;9;9586070173;B
20240212;100113;7310.500000000;33;9586070174;B
20240212;100113;7310.500000000;1;9586070176;S
20240212;100118;7310.500000000;23;9586070822;B
20240212;100118;7311.000000000;32;9586070823;B
20240212;100119;7310.500000000;1;9586070997;S
20240212;100121;7311.000000000;8;9586071238;B
20240212;100125;7309.000000000;1;9586071782;S
20240212;100125;7308.000000000;14;9586071783;S
20240212;100125;7310.000000000;2;9586071842;B
20240212;100125;7310.500000000;3;9586071843;B
20240212;100125;7310.500000000;43;9586071871;B
20240212;100125;7311.000000000;97;9586071872;B
20240212;100125;7311.000000000;5;9586071873;B
20240212;100125;7311.500000000;135;9586071874;B
20240212;100125;7311.500000000;5;9586071875;B
20240212;100126;7312.000000000;1;9586072077;B
20240212;100126;7312.000000000;1;9586072091;B
20240212;100126;7312.000000000;4;9586072092;B
20240212;100126;7312.000000000;1;9586072194;B
20240212;100126;7312.000000000;1;9586072195;B
20240212;100126;7312.500000000;1;9586072196;B
20240212;100126;7312.500000000;3;9586072197;B
20240212;100126;7312.500000000;1;9586072198;B
20240212;100126;7313.000000000;2;9586072199;B
20240212;100126;7313.000000000;3;9586072200;B
20240212;100126;7313.000000000;6;9586072201;B
20240212;100126;7313.500000000;5;9586072202;B
20240212;100126;7314.000000000;5;9586072203;B
20240212;100126;7314.000000000;5;9586072204;B
20240212;100126;7314.500000000;5;9586072205;B
20240212;100126;7315.000000000;5;9586072206;B
20240212;100126;7315.500000000;5;9586072207;B
20240212;100126;7316.000000000;45;9586072211;B
20240212;100126;7316.000000000;5;9586072212;B
20240212;100126;7316.500000000;5;9586072213;B
20240212;100126;7317.000000000;5;9586072214;B
20240212;100126;7317.500000000;5;9586072215;B
20240212;100126;7317.500000000;37;9586072216;B
20240212;100126;7318.000000000;1;9586072217;B
20240212;100126;7318.000000000;1;9586072218;B
20240212;100126;7318.000000000;1;9586072219;B
20240212;100126;7318.000000000;5;9586072220;B
20240212;100126;7318.500000000;5;9586072222;B
20240212;100126;7319.000000000;1;9586072230;B
20240212;100126;7318.000000000;1;9586072232;S
20240212;100126;7314.500000000;5;9586072233;S
20240212;100126;7315.000000000;2;9586072235;B
20240212;100127;7319.000000000;4;9586072314;B
20240212;100127;7318.500000000;43;9586072315;B
20240212;100127;7318.500000000;2;9586072316;B
20240212;100127;7318.500000000;15;9586072328;B
20240212;100127;7319.500000000;5;9586072329;B
20240212;100127;7320.000000000;3;9586072330;B
20240212;100127;7320.000000000;1;9586072331;B
20240212;100127;7320.000000000;3;9586072332;B
20240212;100127;7320.000000000;1;9586072333;B
20240212;100127;7320.000000000;1;9586072334;B
20240212;100127;7320.000000000;5;9586072335;B
20240212;100127;7320.000000000;1;9586072336;B
20240212;100127;7320.000000000;75;9586072337;B
20240212;100127;7320.000000000;1;9586072338;B
20240212;100127;7320.000000000;1;9586072339;B
20240212;100127;7320.000000000;1;9586072340;B
20240212;100127;7320.500000000;5;9586072341;B
20240212;100127;7321.000000000;5;9586072342;B
20240212;100127;7321.000000000;1;9586072343;B
20240212;100127;7321.500000000;5;9586072344;B
20240212;100127;7322.000000000;5;9586072345;B
20240212;100127;7322.500000000;5;9586072346;B
20240212;100127;7323.000000000;5;9586072347;B
20240212;100127;7323.000000000;20;9586072348;B
20240212;100127;7323.500000000;5;9586072349;B
20240212;100127;7324.000000000;10;9586072350;B
20240212;100127;7324.000000000;5;9586072351;B
20240212;100127;7324.000000000;89;9586072352;B
20240212;100127;7324.500000000;1;9586072353;B
20240212;100127;7324.500000000;5;9586072354;B
20240212;100127;7324.500000000;10;9586072355;B
20240212;100127;7325.000000000;6;9586072356;B
20240212;100127;7325.000000000;5;9586072357;B
20240212;100127;7325.500000000;5;9586072358;B
20240212;100127;7325.500000000;20;9586072359;B
20240212;100127;7326.000000000;10;9586072360;B
20240212;100127;7326.000000000;5;9586072361;B
20240212;100127;7326.500000000;5;9586072362;B
20240212;100127;7327.000000000;5;9586072363;B
20240212;100127;7327.000000000;42;9586072364;B
20240212;100127;7327.500000000;5;9586072365;B
20240212;100127;7327.500000000;40;9586072366;B
20240212;100127;7327.500000000;20;9586072367;B
20240212;100127;7328.000000000;5;9586072368;B
20240212;100127;7328.000000000;10;9586072369;B
20240212;100127;7328.500000000;23;9586072370;B
20240212;100127;7328.500000000;5;9586072371;B
20240212;100127;7329.000000000;2;9586072372;B
20240212;100127;7329.000000000;5;9586072373;B
20240212;100127;7329.500000000;5;9586072374;B
20240212;100127;7329.500000000;20;9586072375;B
20240212;100127;7330.000000000;1;9586072376;B
20240212;100127;7330.000000000;5;9586072377;B
20240212;100127;7330.000000000;10;9586072378;B
20240212;100127;7330.500000000;5;9586072379;B
20240212;100127;7331.000000000;1;9586072380;B
20240212;100127;7331.000000000;5;9586072381;B
20240212;100127;7331.000000000;70;9586072382;B
20240212;100127;7331.000000000;27;9586072383;B
20240212;100127;7331.500000000;5;9586072384;B
20240212;100127;7331.500000000;20;9586072385;B
20240212;100127;7332.000000000;5;9586072386;B
20240212;100127;7332.500000000;5;9586072387;B
20240212;100127;7333.000000000;5;9586072388;B
20240212;100127;7333.000000000;20;9586072389;B
20240212;100127;7333.500000000;5;9586072390;B
20240212;100127;7333.500000000;14;9586072391;B
20240212;100127;7334.000000000;5;9586072392;B
20240212;100127;7334.500000000;5;9586072393;B
20240212;100127;7335.000000000;5;9586072394;B
20240212;100127;7335.500000000;5;9586072395;B
20240212;100127;7335.500000000;200;9586072396;B
20240212;100127;7336.000000000;1;9586072397;B
20240212;100127;7336.000000000;1;9586072398;B
20240212;100127;7336.000000000;5;9586072399;B
20240212;100127;7336.500000000;5;9586072400;B
20240212;100127;7337.000000000;5;9586072401;B
20240212;100127;7337.000000000;1;9586072402;B
20240212;100127;7337.000000000;200;9586072403;B
20240212;100127;7337.500000000;4;9586072404;B
20240212;100127;7337.500000000;5;9586072405;B
20240212;100127;7338.000000000;3;9586072406;B
20240212;100127;7338.000000000;1;9586072407;B
20240212;100127;7338.000000000;5;9586072408;B
20240212;100127;7338.500000000;5;9586072409;B
20240212;100127;7339.000000000;5;9586072410;B
20240212;100127;7339.500000000;5;9586072411;B
20240212;100127;7340.000000000;5;9586072412;B
20240212;100127;7340.500000000;5;9586072413;B
20240212;100127;7341.000000000;1;9586072414;B
20240212;100127;7341.000000000;5;9586072415;B
20240212;100127;7341.500000000;5;9586072416;B
20240212;100127;7342.000000000;5;9586072417;B
20240212;100127;7342.500000000;1;9586072418;B
20240212;100127;7342.500000000;5;9586072419;B
20240212;100127;7343.000000000;5;9586072420;B
20240212;100127;7343.500000000;5;9586072421;B
20240212;100127;7344.000000000;5;9586072422;B
20240212;100127;7344.000000000;24;9586072423;B
20240212;100127;7344.500000000;5;9586072424;B
20240212;100127;7345.000000000;2;9586072425;B
20240212;100127;7345.000000000;50;9586072426;B
20240212;100127;7345.000000000;5;9586072427;B
20240212;100127;7345.500000000;5;9586072428;B
20240212;100127;7345.500000000;16;9586072429;B
20240212;100127;7323.500000000;1;9586072431;B
20240212;100127;7323.500000000;2;9586072432;B
20240212;100127;7323.500000000;1;9586072433;B
20240212;100127;7319.500000000;4;9586072434;S
20240212;100127;7336.000000000;14;9586072435;B
20240212;100127;7336.000000000;6;9586072436;B
20240212;100127;7337.000000000;1;9586072437;B
20240212;100127;7335.500000000;4;9586072439;B
20240212;100127;7335.500000000;6;9586072440;B
20240212;100127;7324.500000000;4;9586072441;S
20240212;100127;7329.000000000;2;9586072443;S
20240212;100127;7335.500000000;5;9586072472;B
20240212;100127;7330.000000000;58;9586072514;S
20240212;100127;7329.000000000;2;9586072515;S
20240212;100127;7335.000000000;6;9586072521;B
20240212;100127;7335.000000000;1;9586072523;B
20240212;100127;7335.000000000;1;9586072554;B
20240212;100127;7335.000000000;15;9586072556;B
20240212;100127;7333.000000000;6;9586072574;B
20240212;100128;7333.000000000;1;9586072590;B
20240212;100128;7333.000000000;1;9586072591;B
20240212;100128;7330.000000000;2;9586072603;S
20240212;100128;7327.000000000;23;9586072604;S
20240212;100128;7327.000000000;10;9586072605;S
20240212;100128;7326.500000000;4;9586072606;B
20240212;100128;7326.500000000;7;9586072607;S
20240212;100128;7326.500000000;1;9586072632;S
20240212;100128;7329.000000000;6;9586072643;B
20240212;100128;7331.000000000;10;9586072645;S
20240212;100128;7332.000000000;1;9586072656;B
20240212;100128;7331.000000000;1;9586072657;S
20240212;100128;7333.000000000;1;9586072659;B
20240212;100128;7331.500000000;1;9586072662;B
20240212;100128;7331.500000000;1;9586072664;B
20240212;100128;7331.500000000;1;9586072667;B
20240212;100128;7331.000000000;3;9586072669;S
20240212;100129;7329.000000000;2;9586072785;B
20240212;100129;7329.500000000;8;9586072786;B
20240212;100129;7330.000000000;7;9586072787;B
20240212;100129;7327.000000000;4;9586072896;B
20240212;100130;7330.000000000;188;9586072946;B
20240212;100130;7329.500000000;14;9586073040;S
20240212;100130;7328.500000000;4;9586073041;S
20240212;100134;7325.500000000;10;9586073786;S
20240212;100134;7325.000000000;60;9586073787;S
20240212;100134;7324.500000000;5;9586073788;S
20240212;100134;7324.500000000;20;9586073789;S
20240212;100136;7324.500000000;6;9586074315;B
20240212;100138;7324.000000000;5;9586074619;S
20240212;100138;7324.000000000;1;9586074620;S
20240212;100138;7323.500000000;5;9586074621;S
20240212;100138;7323.000000000;4;9586074622;S
20240212;100138;7324.000000000;2;9586074629;B
20240212;100139;7323.000000000;1;9586075008;S
20240212;100140;7322.500000000;5;9586075321;S
20240212;100141;7322.000000000;1;9586075498;S
20240212;100142;7323.500000000;8;9586075745;B
20240212;100147;7323.000000000;1;9586076577;B
20240212;100148;7322.500000000;1;9586076677;S
20240212;100148;7322.000000000;1;9586076678;S
20240212;100150;7323.000000000;1;9586077117;B
20240212;100155;7322.000000000;3;9586078122;S
20240212;100155;7321.500000000;5;9586078123;S
20240212;100155;7321.000000000;5;9586078124;S
20240212;100155;7320.500000000;5;9586078125;S
20240212;100155;7320.000000000;3;9586078141;S
20240212;100158;7320.000000000;2;9586078693;S
20240212;100200;7319.500000000;5;9586079068;S
20240212;100200;7319.000000000;5;9586079069;S
20240212;100200;7318.500000000;5;9586079071;S
20240212;100200;7318.000000000;5;9586079072;S
20240212;100200;7317.500000000;5;9586079073;S
20240212;100200;7317.000000000;5;9586079074;S
20240212;100201;7316.500000000;1;9586079241;S
20240212;100205;7319.000000000;1;9586080080;B
20240212;100206;7317.000000000;1;9586080411;S
20240212;100208;7317.000000000;5;9586080724;S
20240212;100215;7319.500000000;3;9586082138;B
20240212;100218;7317.000000000;2;9586082810;S
20240212;100218;7317.000000000;1;9586082856;S
20240212;100218;7317.000000000;1;9586082861;S
20240212;100218;7317.000000000;10;9586083061;S
20240212;100218;7316.500000000;3;9586083062;S
20240212;100218;7317.000000000;3;9586083063;S
20240212;100218;7316.500000000;1;9586083065;S
20240212;100218;7316.500000000;10;9586083066;S
20240212;100218;7316.000000000;5;9586083067;S
20240212;100218;7316.000000000;22;9586083068;S
20240212;100218;7316.000000000;1;9586083069;S
20240212;100219;7316.500000000;1;9586083184;S
20240212;100221;7317.000000000;2;9586083528;S
20240212;100221;7316.000000000;6;9586083529;S
20240212;100223;7319.500000000;12;9586083836;B
20240212;100226;7319.500000000;8;9586084467;B
20240212;100227;7318.000000000;42;9586084509;B
20240212;100227;7318.500000000;14;9586084510;B
20240212;100227;7318.500000000;2;9586084511;B
20240212;100232;7316.000000000;1;9586085367;S
20240212;100232;7315.500000000;1;9586085368;S
20240212;100233;7316.500000000;2;9586085518;B
20240212;100234;7316.500000000;3;9586085760;B
20240212;100235;7316.500000000;1;9586085917;B
20240212;100235;7315.500000000;4;9586085926;S
20240212;100235;7315.500000000;1;9586085927;S
20240212;100235;7315.000000000;1;9586085928;S
20240212;100242;7316.000000000;1;9586086992;B
20240212;100243;7316.500000000;15;9586087462;B
20240212;100244;7315.000000000;4;9586087551;S
20240212;100244;7315.000000000;10;9586087552;S
20240212;100244;7315.000000000;1;9586087553;S
20240212;100247;7316.000000000;5;9586088016;S
20240212;100250;7316.000000000;1;9586089175;S
20240212;100251;7316.000000000;2;9586089376;S
20240212;100252;7316.000000000;11;9586089544;S
20240212;100252;7315.000000000;4;9586089545;S
20240212;100252;7315.000000000;4;9586089546;S
20240212;100252;7315.000000000;15;9586089547;S
20240212;100257;7315.500000000;1;9586090606;B
20240212;100257;7316.000000000;3;9586090607;B
20240212;100257;7316.500000000;36;9586090608;B
20240212;100259;7315.500000000;1;9586090981;B
20240212;100259;7315.000000000;1;9586091037;S
20240212;100301;7315.500000000;1;9586091294;B
20240212;100302;7315.000000000;1;9586091565;S
20240212;100303;7315.000000000;1;9586091779;B
20240212;100304;7315.000000000;41;9586091992;B
20240212;100304;7315.000000000;63;9586091993;B
20240212;100304;7315.000000000;4;9586091994;B
20240212;100305;7315.500000000;1;9586092096;B
20240212;100305;7316.000000000;4;9586092097;B
20240212;100305;7316.000000000;3;9586092098;B
20240212;100305;7314.500000000;5;9586092203;S
20240212;100305;7314.500000000;4;9586092204;S
20240212;100305;7314.000000000;5;9586092205;S
20240212;100305;7313.500000000;5;9586092206;S
20240212;100305;7313.500000000;1;9586092207;S
20240212;100305;7313.000000000;5;9586092208;S
20240212;100305;7313.000000000;5;9586092209;S
20240212;100311;7313.000000000;2;9586093706;S
20240212;100315;7314.500000000;5;9586094307;S
20240212;100315;7314.500000000;2;9586094319;S
20240212;100317;7315.000000000;1;9586094782;B
20240212;100318;7315.000000000;1;9586095033;B
20240212;100327;7314.000000000;1;9586096551;S
20240212;100331;7313.500000000;1;9586097326;S
20240212;100334;7315.000000000;8;9586097828;B
20240212;100334;7315.000000000;4;9586097829;B
20240212;100334;7315.000000000;5;9586097830;B
20240212;100334;7315.000000000;13;9586097831;B
20240212;100334;7315.000000000;7;9586097832;B
20240212;100336;7314.500000000;1;9586098006;S
20240212;100338;7314.000000000;3;9586098450;S
20240212;100338;7314.000000000;13;9586098451;S
20240212;100338;7313.500000000;10;9586098452;S
20240212;100338;7313.500000000;4;9586098453;S
20240212;100338;7313.000000000;1;9586098454;S
20240212;100338;7313.000000000;12;9586098455;S
20240212;100341;7314.500000000;1;9586099034;S
20240212;100341;7314.500000000;1;9586099045;S
20240212;100342;7315.500000000;1;9586099141;B
20240212;100344;7315.000000000;37;9586099504;S
20240212;100345;7314.500000000;2;9586099637;S
20240212;100346;7314.500000000;1;9586099740;S
20240212;100346;7314.500000000;1;9586099749;S
20240212;100346;7314.000000000;1;9586099755;S
20240212;100348;7314.000000000;10;9586100628;S
20240212;100348;7314.000000000;4;9586100629;S
20240212;100349;7314.000000000;10;9586100863;S
20240212;100350;7314.000000000;5;9586100942;S
20240212;100351;7313.500000000;1;9586101174;S
20240212;100351;7313.500000000;1;9586101257;S
20240212;100351;7313.000000000;1;9586101258;S
20240212;100353;7313.000000000;1;9586101428;S
20240212;100354;7314.000000000;5;9586101692;B
20240212;100358;7314.000000000;4;9586102326;B
20240212;100402;7313.500000000;5;9586102928;B
20240212;100402;7313.500000000;4;9586102929;B
20240212;100402;7314.000000000;7;9586102930;B
20240212;100402;7314.000000000;1;9586103025;B
20240212;100402;7314.000000000;9;9586103026;B
20240212;100407;7313.500000000;1;9586104040;B
20240212;100411;7313.000000000;6;9586104772;S
20240212;100411;7313.000000000;10;9586104779;S
20240212;100411;7313.000000000;1;9586104780;S
20240212;100411;7312.500000000;5;9586104781;S
20240212;100411;7312.500000000;4;9586104782;S
20240212;100411;7312.000000000;5;9586104783;S
20240212;100411;7311.500000000;5;9586104784;S
20240212;100411;7311.000000000;5;9586104785;S
20240212;100411;7311.000000000;2;9586104786;S
20240212;100411;7311.000000000;1;9586104787;S
20240212;100411;7311.000000000;5;9586104788;S
20240212;100411;7310.500000000;5;9586104789;S
20240212;100411;7310.500000000;20;9586104790;S
20240212;100411;7310.500000000;10;9586104791;S
20240212;100411;7310.000000000;5;9586104792;S
20240212;100411;7310.000000000;3;9586104793;S
20240212;100411;7309.500000000;5;9586104794;S
20240212;100411;7309.000000000;5;9586104795;S
20240212;100411;7309.000000000;10;9586104796;S
20240212;100411;7308.500000000;5;9586104797;S
20240212;100411;7308.500000000;92;9586104798;S
20240212;100412;7308.000000000;5;9586104994;S
20240212;100412;7308.000000000;10;9586104995;S
20240212;100412;7308.000000000;4;9586104996;S
20240212;100412;7307.500000000;1;9586104997;S
20240212;100415;7309.000000000;1;9586105619;B
20240212;100418;7307.500000000;1;9586106159;S
20240212;100422;7309.000000000;2;9586106719;B
20240212;100423;7307.500000000;1;9586107003;S
20240212;100428;7307.500000000;5;9586107791;S
20240212;100428;7308.000000000;10;9586107846;S
20240212;100428;7308.000000000;5;9586107847;S
20240212;100428;7307.500000000;188;9586107848;S
20240212;100428;7307.500000000;5;9586107849;S
20240212;100430;7307.000000000;1;9586108086;S
20240212;100432;7307.000000000;5;9586108723;S
20240212;100432;7307.000000000;5;9586108746;S
20240212;100432;7307.000000000;1;9586108756;S
20240212;100433;7307.000000000;5;9586108759;S
20240212;100433;7307.000000000;5;9586108784;S
20240212;100433;7307.000000000;5;9586108798;S
20240212;100433;7307.000000000;5;9586108818;S
20240212;100433;7307.000000000;5;9586108838;S
20240212;100433;7307.000000000;4;9586108854;S
20240212;100433;7307.000000000;1;9586108855;S
20240212;100433;7307.000000000;4;9586108883;S
20240212;100433;7306.500000000;1;9586108884;S
20240212;100433;7306.500000000;4;9586108885;S
20240212;100433;7306.000000000;5;9586108886;S
20240212;100433;7306.000000000;1;9586108887;S
20240212;100433;7305.500000000;5;9586108896;S
20240212;100433;7305.000000000;5;9586108914;S
20240212;100433;7304.500000000;5;9586108915;S
20240212;100433;7304.500000000;1;9586108916;S
20240212;100433;7304.500000000;27;9586108917;S
20240212;100433;7304.000000000;2;9586108918;S
20240212;100434;7304.500000000;5;9586108931;S
20240212;100434;7304.000000000;3;9586108945;S
20240212;100434;7304.000000000;2;9586108946;S
20240212;100434;7304.000000000;5;9586108967;S
20240212;100434;7306.500000000;5;9586108977;B
20240212;100434;7306.500000000;42;9586108978;B
20240212;100434;7307.000000000;1;9586108979;B
20240212;100434;7303.500000000;5;9586108985;S
20240212;100434;7303.000000000;5;9586109006;S
20240212;100434;7306.500000000;2;9586109010;B
20240212;100434;7303.000000000;1;9586109020;S
20240212;100434;7303.000000000;4;9586109021;S
20240212;100434;7303.000000000;1;9586109050;S
20240212;100434;7302.500000000;4;9586109051;S
20240212;100434;7302.500000000;1;9586109061;S
20240212;100434;7302.500000000;4;9586109062;S
20240212;100434;7302.500000000;16;9586109070;S
20240212;100434;7302.500000000;20;9586109071;S
20240212;100434;7302.500000000;5;9586109072;S
20240212;100434;7302.000000000;5;9586109073;S
20240212;100434;7301.500000000;5;9586109084;S
20240212;100435;7301.500000000;1;9586109109;S
20240212;100435;7301.500000000;2;9586109110;S
20240212;100435;7301.000000000;2;9586109111;S
20240212;100435;7301.000000000;3;9586109120;S
20240212;100435;7301.000000000;1;9586109121;S
20240212;100435;7301.000000000;1;9586109122;S
20240212;100435;7301.000000000;5;9586109136;S
20240212;100435;7300.500000000;5;9586109171;S
20240212;100435;7300.500000000;5;9586109186;S
20240212;100435;7300.500000000;5;9586109195;S
20240212;100435;7300.500000000;5;9586109227;S
20240212;100435;7300.000000000;5;9586109248;S
20240212;100435;7300.000000000;1;9586109262;S
20240212;100435;7299.500000000;4;9586109263;S
20240212;100436;7299.500000000;1;9586109308;S
20240212;100436;7299.500000000;4;9586109309;S
20240212;100436;7299.500000000;5;9586109322;S
20240212;100436;7299.500000000;1;9586109368;S
20240212;100436;7299.000000000;4;9586109369;S
20240212;100436;7299.000000000;1;9586109385;S
20240212;100436;7299.000000000;4;9586109386;S
20240212;100436;7299.000000000;5;9586109397;S
20240212;100436;7299.000000000;2;9586109417;S
20240212;100436;7298.500000000;3;9586109418;S
20240212;100436;7298.500000000;2;9586109427;S
20240212;100436;7298.500000000;3;9586109428;S
20240212;100436;7298.500000000;1;9586109447;S
20240212;100436;7298.000000000;4;9586109448;S
20240212;100436;7298.000000000;1;9586109462;S
20240212;100436;7298.000000000;4;9586109463;S
20240212;100437;7298.000000000;5;9586109474;S
20240212;100437;7298.000000000;5;9586109492;S
20240212;100437;7298.000000000;5;9586109517;S
20240212;100437;7298.000000000;1;9586109531;S
20240212;100437;7298.000000000;4;9586109532;S
20240212;100437;7298.000000000;5;9586109584;S
20240212;100437;7298.000000000;5;9586109599;S
20240212;100437;7297.500000000;5;9586109614;S
20240212;100437;7297.500000000;2;9586109618;S
20240212;100437;7297.000000000;3;9586109619;S
20240212;100437;7297.000000000;2;9586109633;S
20240212;100437;7297.000000000;3;9586109634;S
20240212;100438;7297.000000000;5;9586109644;S
20240212;100438;7297.000000000;5;9586109647;S
20240212;100438;7297.000000000;5;9586109657;S
20240212;100438;7297.000000000;5;9586109682;S
20240212;100438;7297.000000000;5;9586109689;S
20240212;100438;7297.000000000;5;9586109714;S
20240212;100438;7297.000000000;5;9586109726;S
20240212;100438;7297.000000000;5;9586109737;S
20240212;100438;7297.000000000;5;9586109753;S
20240212;100439;7297.000000000;5;9586109767;S
20240212;100439;7297.000000000;5;9586109778;S
20240212;100439;7297.500000000;2;9586109803;S
20240212;100439;7297.000000000;3;9586109804;S
20240212;100439;7297.000000000;5;9586109827;S
20240212;100439;7297.000000000;5;9586109833;S
20240212;100439;7297.000000000;5;9586109852;S
20240212;100439;7297.000000000;5;9586109862;S
20240212;100439;7297.000000000;5;9586109878;S
20240212;100439;7297.000000000;5;9586109890;S
20240212;100440;7297.000000000;5;9586109901;S
20240212;100440;7297.000000000;4;9586109913;S
20240212;100440;7297.000000000;1;9586109914;S
20240212;100440;7297.000000000;4;9586109922;S
20240212;100440;7296.500000000;1;9586109923;S
20240212;100440;7296.500000000;4;9586109935;S
20240212;100440;7296.500000000;1;9586109936;S
20240212;100440;7296.500000000;5;9586109974;S
20240212;100440;7297.000000000;5;9586109981;S
20240212;100440;7297.000000000;5;9586110006;S
20240212;100440;7297.000000000;5;9586110048;S
20240212;100441;7297.000000000;5;9586110072;S
20240212;100441;7297.000000000;5;9586110082;S
20240212;100441;7297.000000000;5;9586110093;S
20240212;100441;7297.000000000;5;9586110108;S
20240212;100441;7297.000000000;14;9586110122;S
20240212;100441;7296.500000000;5;9586110128;S
20240212;100441;7296.500000000;5;9586110145;S
20240212;100441;7296.500000000;5;9586110173;S
20240212;100441;7296.500000000;5;9586110214;S
20240212;100441;7296.500000000;1;9586110215;S
20240212;100441;7296.500000000;5;9586110226;S
20240212;100442;7296.000000000;5;9586110234;S
20240212;100442;7295.500000000;5;9586110244;S
20240212;100442;7295.500000000;5;9586110265;S
20240212;100442;7295.500000000;5;9586110276;S
20240212;100442;7295.500000000;5;9586110288;S
20240212;100442;7295.500000000;5;9586110293;S
20240212;100442;7295.500000000;5;9586110318;S
20240212;100442;7295.500000000;5;9586110330;S
20240212;100442;7295.500000000;4;9586110344;S
20240212;100442;7295.000000000;1;9586110345;S
20240212;100443;7295.000000000;4;9586110360;S
20240212;100443;7295.000000000;1;9586110361;S
20240212;100443;7294.500000000;5;9586110375;S
20240212;100443;7294.500000000;5;9586110388;S
20240212;100443;7294.500000000;5;9586110433;S
20240212;100443;7294.500000000;5;9586110474;S
20240212;100443;7294.500000000;5;9586110494;S
20240212;100443;7294.500000000;5;9586110523;S
20240212;100443;7294.500000000;5;9586110524;S
20240212;100443;7294.500000000;5;9586110558;S
20240212;100445;7296.000000000;1;9586110666;B
20240212;100448;7296.000000000;3;9586111174;S
20240212;100449;7297.000000000;10;9586111313;B
20240212;100450;7297.000000000;76;9586111498;B
20240212;100450;7297.000000000;4;9586111499;B
20240212;100452;7300.000000000;10;9586111773;B
20240212;100452;7301.000000000;7;9586111878;B
20240212;100452;7301.000000000;20;9586111879;B
20240212;100452;7302.000000000;54;9586111880;B
20240212;100453;7304.000000000;1;9586112012;S
20240212;100453;7304.000000000;1;9586112021;S
20240212;100453;7305.000000000;1;9586112035;B
20240212;100454;7305.000000000;1;9586112064;B
20240212;100454;7306.000000000;4;9586112065;B
20240212;100454;7304.500000000;2;9586112197;S
20240212;100455;7306.000000000;5;9586112383;B
20240212;100455;7306.000000000;2;9586112416;B
20240212;100458;7305.000000000;5;9586112964;S
20240212;100458;7304.500000000;5;9586112965;S
20240212;100500;7305.500000000;5;9586113436;S
20240212;100501;7305.500000000;3;9586113618;B
20240212;100503;7305.000000000;2;9586113908;B
20240212;100506;7304.500000000;2;9586114356;B
20240212;100506;7301.500000000;4;9586114449;S
20240212;100515;7302.000000000;1;9586115741;S
20240212;100515;7301.500000000;1;9586115742;S
20240212;100515;7301.500000000;5;9586115743;S
20240212;100515;7301.500000000;5;9586115744;S
20240212;100515;7301.000000000;33;9586115745;S
20240212;100515;7300.000000000;20;9586115746;S
20240212;100515;7300.000000000;32;9586115747;B
20240212;100515;7299.000000000;5;9586115748;S
20240212;100515;7300.000000000;16;9586115749;B
20240212;100519;7298.000000000;2;9586116334;S
20240212;100519;7298.000000000;2;9586116360;S
20240212;100519;7298.000000000;1;9586116401;S
20240212;100519;7297.500000000;1;9586116434;B
20240212;100520;7297.000000000;2;9586116519;S
20240212;100520;7297.000000000;2;9586116594;S
20240212;100521;7297.500000000;1;9586116611;B
20240212;100526;7298.000000000;5;9586117447;B
20240212;100526;7298.500000000;2;9586117459;B
20240212;100526;7299.000000000;1;9586117460;B
20240212;100526;7299.500000000;3;9586117491;B
20240212;100527;7299.000000000;3;9586117650;S
20240212;100527;7299.000000000;2;9586117651;S
20240212;100527;7299.000000000;2;9586117652;S
20240212;100527;7298.500000000;5;9586117653;S
20240212;100527;7297.000000000;2;9586117654;S
20240212;100534;7299.000000000;1;9586119187;B
20240212;100534;7299.500000000;13;9586119188;B
20240212;100534;7299.500000000;10;9586119189;B
20240212;100534;7299.500000000;1;9586119190;B
20240212;100534;7299.500000000;2;9586119191;B
20240212;100541;7298.500000000;5;9586120196;S
20240212;100541;7298.500000000;4;9586120197;S
20240212;100542;7299.000000000;1;9586120411;B
20240212;100542;7298.500000000;3;9586120428;S
20240212;100546;7299.000000000;9;9586121105;B
20240212;100546;7299.500000000;11;9586121106;B
20240212;100546;7299.500000000;10;9586121107;B
20240212;100546;7299.500000000;3;9586121108;B
20240212;100546;7300.500000000;2;9586121110;B
20240212;100546;7300.500000000;1;9586121111;B
20240212;100546;7300.500000000;147;9586121112;B
20240212;100547;7303.500000000;5;9586121146;B
20240212;100547;7304.000000000;2;9586121147;B
20240212;100547;7304.500000000;3;9586121148;B
20240212;100547;7304.500000000;5;9586121149;B
20240212;100547;7305.000000000;50;9586121151;B
20240212;100552;7307.000000000;5;9586121991;B
20240212;100552;7308.000000000;40;9586121992;B
20240212;100552;7309.000000000;9;9586121993;B
20240212;100552;7309.500000000;20;9586121994;B
20240212;100552;7309.500000000;26;9586121995;S
20240212;100605;7307.500000000;24;9586124268;S
20240212;100605;7306.500000000;1;9586124317;S
20240212;100607;7309.000000000;1;9586124729;B
20240212;100607;7309.500000000;2;9586124730;B
20240212;100611;7308.500000000;6;9586125519;B
20240212;100611;7309.000000000;1;9586125520;B
20240212;100611;7309.000000000;3;9586125521;B
20240212;100618;7305.000000000;3;9586126902;S
20240212;100619;7305.000000000;7;9586127064;S
20240212;100619;7305.000000000;8;9586127065;S
20240212;100621;7307.000000000;1;9586127424;B
20240212;100621;7305.000000000;2;9586127552;S
20240212;100623;7300.500000000;7;9586127857;S
20240212;100627;7300.500000000;1;9586128517;S
20240212;100630;7300.500000000;2;9586129140;S
20240212;100630;7301.000000000;1;9586129178;B
20240212;100643;7301.500000000;27;9586131340;S
20240212;100643;7301.500000000;10;9586131341;S
20240212;100643;7300.500000000;1;9586131342;S
20240212;100643;7300.000000000;1;9586131343;S
20240212;100643;7300.000000000;1;9586131344;S
20240212;100643;7300.000000000;19;9586131345;S
20240212;100643;7300.000000000;1;9586131346;S
20240212;100643;7299.000000000;10;9586131347;S
20240212;100646;7300.000000000;2;9586131765;B
20240212;100646;7300.000000000;15;9586131892;B
20240212;100646;7299.000000000;5;9586131916;S
20240212;100646;7300.000000000;10;9586131940;B
20240212;100649;7299.000000000;1;9586132207;S
20240212;100649;7300.000000000;3;9586132209;B
20240212;100653;7300.000000000;10;9586132947;B
20240212;100653;7300.000000000;10;9586132948;B
20240212;100653;7300.000000000;2;9586132995;B
20240212;100655;7299.000000000;1;9586133205;S
20240212;100657;7299.000000000;6;9586133564;S
20240212;100657;7298.500000000;6;9586133565;S
20240212;100703;7299.500000000;1;9586134479;B
20240212;100706;7298.500000000;1;9586135077;S
20240212;100712;7299.000000000;2;9586135903;B
20240212;100712;7299.000000000;10;9586135904;B
20240212;100712;7299.500000000;1;9586135905;B
20240212;100712;7299.500000000;6;9586135906;B
20240212;100712;7300.000000000;23;9586135907;B
20240212;100717;7300.000000000;1;9586136690;B
20240212;100719;7299.500000000;2;9586136893;B
20240212;100727;7299.500000000;3;9586138400;B
20240212;100734;7299.500000000;7;9586139308;B
20240212;100734;7300.000000000;20;9586139309;B
20240212;100736;7299.000000000;1;9586139745;S
20240212;100736;7298.500000000;3;9586139746;S
20240212;100736;7298.500000000;42;9586139747;S
20240212;100736;7298.500000000;4;9586139748;S
20240212;100736;7298.000000000;10;9586139749;S
20240212;100736;7298.000000000;27;9586139750;S
20240212;100736;7298.000000000;5;9586139751;S
20240212;100736;7298.000000000;7;9586139752;S
20240212;100736;7297.500000000;9;9586139753;S
20240212;100736;7297.500000000;20;9586139754;S
20240212;100736;7297.000000000;30;9586139755;S
20240212;100736;7297.000000000;2;9586139756;S
20240212;100736;7297.000000000;2;9586139757;S
20240212;100736;7297.000000000;2;9586139758;S
20240212;100736;7297.000000000;2;9586139759;S
20240212;100736;7297.000000000;10;9586139760;S
20240212;100736;7296.500000000;1;9586139761;S
20240212;100736;7296.000000000;1;9586139762;S
20240212;100736;7296.000000000;1;9586139763;S
20240212;100736;7295.500000000;20;9586139764;S
20240212;100736;7295.000000000;1;9586139765;S
20240212;100738;7298.500000000;5;9586139951;B
20240212;100738;7298.000000000;5;9586139958;S
20240212;100739;7299.000000000;1;9586140117;B
20240212;100739;7299.500000000;1;9586140118;B
20240212;100744;7299.000000000;3;9586141002;B
20240212;100750;7299.000000000;7;9586141928;B
20240212;100750;7299.000000000;3;9586141929;B
20240212;100805;7298.500000000;1;9586144274;B
20240212;100806;7296.500000000;2;9586144318;S
20240212;100816;7296.000000000;2;9586146110;S
20240212;100816;7296.000000000;6;9586146111;S
20240212;100817;7296.500000000;5;9586146188;B
20240212;100817;7297.500000000;5;9586146189;B
20240212;100819;7297.000000000;1;9586146548;B
20240212;100821;7295.500000000;20;9586146819;S
20240212;100821;7295.500000000;3;9586146820;S
20240212;100821;7295.000000000;107;9586146821;S
20240212;100823;7295.000000000;68;9586147113;S
20240212;100823;7295.000000000;50;9586147114;S
20240212;100823;7295.000000000;5;9586147115;S
20240212;100823;7295.000000000;1;9586147116;S
20240212;100823;7295.000000000;2;9586147117;S
20240212;100823;7295.000000000;2;9586147118;S
20240212;100823;7295.000000000;2;9586147119;S
20240212;100823;7295.000000000;2;9586147120;S
20240212;100823;7295.000000000;1;9586147121;S
20240212;100823;7295.000000000;25;9586147122;S
20240212;100824;7294.500000000;1;9586147306;S
20240212;100824;7294.500000000;30;9586147307;S
20240212;100824;7294.500000000;1;9586147308;S
20240212;100824;7294.500000000;3;9586147309;S
20240212;100824;7294.000000000;4;9586147310;S
20240212;100824;7294.000000000;1;9586147311;S
20240212;100824;7293.500000000;4;9586147312;S
20240212;100824;7293.500000000;1;9586147313;S
20240212;100824;7293.500000000;1;9586147314;S
20240212;100824;7293.000000000;1;9586147315;S
20240212;100824;7293.000000000;4;9586147316;S
20240212;100824;7293.000000000;2;9586147317;S
20240212;100824;7293.000000000;2;9586147318;S
20240212;100824;7293.000000000;2;9586147319;S
20240212;100824;7293.000000000;2;9586147320;S
20240212;100824;7293.000000000;1;9586147321;S
20240212;100824;7293.000000000;1;9586147322;S
20240212;100824;7292.500000000;4;9586147323;S
20240212;100824;7292.500000000;1;9586147324;S
20240212;100824;7292.000000000;2;9586147325;S
20240212;100824;7292.000000000;3;9586147326;S
20240212;100824;7291.500000000;5;9586147327;S
20240212;100824;7291.000000000;5;9586147328;S
20240212;100824;7291.000000000;6;9586147329;S
20240212;100824;7290.500000000;5;9586147347;S
20240212;100824;7290.500000000;6;9586147348;S
20240212;100824;7290.000000000;5;9586147349;S
20240212;100824;7290.000000000;1;9586147353;S
20240212;100824;7290.000000000;20;9586147354;S
20240212;100824;7290.000000000;15;9586147366;S
20240212;100824;7291.000000000;2;9586147368;S
20240212;100825;7291.000000000;2;9586147491;S
20240212;100825;7291.000000000;2;9586147492;S
20240212;100825;7291.000000000;2;9586147493;S
20240212;100825;7289.500000000;5;9586147494;S
20240212;100825;7289.000000000;5;9586147495;S
20240212;100825;7289.000000000;10;9586147496;S
20240212;100825;7289.000000000;4;9586147497;S
20240212;100825;7291.000000000;1;9586147535;S
20240212;100825;7291.000000000;1;9586147536;S
20240212;100825;7289.000000000;6;9586147537;S
20240212;100825;7291.000000000;1;9586147565;B
20240212;100825;7293.500000000;2;9586147581;B
20240212;100825;7289.000000000;10;9586147595;S
20240212;100825;7289.000000000;2;9586147596;S
20240212;100825;7289.000000000;2;9586147597;S
20240212;100825;7293.000000000;2;9586147601;B
20240212;100841;7292.000000000;2;9586149970;B
20240212;100843;7289.500000000;1;9586150135;S
20240212;100847;7290.000000000;5;9586150786;S
20240212;100851;7291.000000000;1;9586151311;B
20240212;100852;7289.500000000;19;9586151333;S
20240212;100852;7289.500000000;5;9586151334;S
20240212;100852;7289.000000000;2;9586151335;S
20240212;100852;7289.000000000;2;9586151336;S
20240212;100852;7289.000000000;1;9586151337;S
20240212;100852;7289.000000000;1;9586151338;S
20240212;100852;7289.000000000;1;9586151339;S
20240212;100852;7289.000000000;1;9586151340;S
20240212;100852;7288.500000000;5;9586151341;S
20240212;100852;7288.500000000;2;9586151342;S
20240212;100852;7288.500000000;8;9586151343;S
20240212;100852;7288.000000000;5;9586151344;S
20240212;100852;7288.000000000;27;9586151345;S
20240212;100852;7287.500000000;5;9586151346;S
20240212;100852;7287.500000000;20;9586151347;S
20240212;100852;7287.500000000;36;9586151348;S
20240212;100852;7287.500000000;3;9586151349;S
20240212;100857;7287.500000000;4;9586152145;S
20240212;100900;7287.500000000;4;9586152754;S
20240212;100900;7287.500000000;1;9586152755;S
20240212;100908;7287.500000000;2;9586153868;S
20240212;100908;7287.000000000;5;9586153869;S
20240212;100911;7288.000000000;1;9586154185;B
20240212;100917;7287.500000000;1;9586155052;B
20240212;100918;7287.500000000;4;9586155169;B
20240212;100921;7287.000000000;1;9586155741;S
20240212;100922;7287.000000000;2;9586155786;S
20240212;100922;7287.000000000;2;9586155787;S
20240212;100922;7287.000000000;2;9586155788;S
20240212;100922;7287.000000000;2;9586155789;S
20240212;100922;7287.000000000;1;9586155790;S
20240212;100922;7287.000000000;1;9586155791;S
20240212;100922;7287.000000000;1;9586155792;S
20240212;100922;7287.000000000;1;9586155793;S
20240212;100922;7287.000000000;1;9586155794;S
20240212;100922;7287.000000000;1;9586155795;S
20240212;100922;7287.000000000;2;9586155796;S
20240212;100928;7287.000000000;3;9586156661;S
20240212;100930;7287.000000000;15;9586157002;S
20240212;100930;7287.000000000;2;9586157003;S
20240212;100930;7287.000000000;5;9586157004;S
20240212;100930;7286.500000000;1;9586157005;S
20240212;100932;7286.500000000;4;9586157321;S
20240212;100932;7286.000000000;4;9586157322;S
20240212;100934;7287.000000000;1;9586157560;B
20240212;100936;7287.000000000;1;9586157795;B
20240212;100936;7287.000000000;3;9586157865;B
20240212;100936;7287.000000000;5;9586157905;B
20240212;100936;7287.000000000;10;9586157906;B
20240212;100936;7287.500000000;5;9586157907;B
20240212;100936;7287.500000000;1;9586157908;B
20240212;100936;7288.000000000;9;9586157909;B
20240212;100936;7288.000000000;10;9586157910;B
20240212;100936;7288.000000000;5;9586157911;B
20240212;100936;7288.000000000;1;9586157912;B
20240212;100936;7288.000000000;4;9586157913;B
20240212;100940;7286.500000000;20;9586158428;S
20240212;100943;7286.500000000;2;9586158765;S
20240212;100943;7287.000000000;1;9586158911;B
20240212;100943;7287.000000000;5;9586158912;B
20240212;100943;7287.500000000;4;9586158913;B
20240212;100944;7286.500000000;1;9586159073;S
20240212;100949;7288.000000000;8;9586159693;B
20240212;100949;7287.500000000;5;9586159701;S
20240212;100949;7287.000000000;9;9586159702;S
20240212;100951;7287.000000000;1;9586159921;B
20240212;100952;7287.000000000;12;9586160000;B
20240212;100953;7286.500000000;10;9586160067;S
20240212;100954;7287.000000000;46;9586160541;B
20240212;100955;7286.500000000;12;9586160573;S
20240212;100955;7287.000000000;2;9586160614;B
20240212;100955;7286.500000000;1;9586160628;S
20240212;100958;7287.000000000;2;9586161085;B
20240212;101001;7287.000000000;20;9586161574;B
20240212;101001;7287.000000000;7;9586161587;B
20240212;101001;7286.500000000;3;9586161669;S
20240212;101002;7287.000000000;1;9586161736;B
20240212;101002;7286.500000000;1;9586161760;S
20240212;101002;7286.500000000;10;9586161834;S
20240212;101003;7287.000000000;15;9586161984;B
20240212;101004;7287.000000000;168;9586162080;B
20240212;101004;7287.000000000;8;9586162081;B
20240212;101005;7287.000000000;4;9586162185;B
20240212;101005;7288.000000000;2;9586162189;B
20240212;101005;7288.000000000;18;9586162291;B
20240212;101005;7289.000000000;15;9586162292;B
20240212;101005;7289.000000000;3;9586162293;B
20240212;101005;7290.000000000;1;9586162294;B
20240212;101005;7291.000000000;1;9586162295;B
20240212;101005;7291.000000000;6;9586162296;B
20240212;101005;7291.500000000;1;9586162297;B
20240212;101005;7292.000000000;2;9586162298;B
20240212;101005;7292.500000000;19;9586162299;B
20240212;101005;7293.000000000;2;9586162301;B
20240212;101005;7294.000000000;50;9586162302;B
20240212;101005;7295.000000000;23;9586162303;B
20240212;101005;7295.000000000;12;9586162304;B
20240212;101005;7296.500000000;5;9586162329;B
20240212;101006;7295.500000000;4;9586162376;S
20240212;101007;7296.500000000;1;9586162520;B
20240212;101009;7295.000000000;10;9586162974;S
20240212;101011;7296.000000000;4;9586163288;S
20240212;101015;7294.000000000;20;9586163835;S
20240212;101015;7291.000000000;10;9586163836;S
20240212;101019;7293.500000000;1;9586164278;S
20240212;101023;7293.000000000;22;9586164689;S
20240212;101023;7295.500000000;1;9586164695;B
20240212;101032;7296.500000000;2;9586165929;B
20240212;101032;7296.500000000;1;9586165930;B
20240212;101032;7296.500000000;2;9586165931;B
20240212;101033;7297.000000000;2;9586165999;B
20240212;101034;7297.000000000;8;9586166199;B
20240212;101036;7297.000000000;1;9586166438;B
20240212;101037;7297.000000000;1;9586166580;B
20240212;101037;7297.000000000;2;9586166581;B
20240212;101043;7297.000000000;11;9586167471;B
20240212;101044;7295.000000000;6;9586167505;S
20240212;101057;7297.500000000;1;9586169395;B
20240212;101121;7297.500000000;3;9586172553;B
20240212;101121;7297.500000000;25;9586172554;B
20240212;101122;7297.500000000;9;9586172692;B
20240212;101137;7296.000000000;10;9586174448;S
20240212;101137;7296.000000000;42;9586174449;S
20240212;101137;7295.500000000;4;9586174450;S
20240212;101137;7295.500000000;4;9586174451;S
20240212;101137;7296.500000000;1;9586174551;B
20240212;101137;7296.500000000;4;9586174552;B
20240212;101137;7297.000000000;5;9586174553;B
20240212;101138;7297.500000000;1;9586174627;B
20240212;101143;7296.000000000;1;9586175125;S
20240212;101143;7295.500000000;2;9586175126;S
20240212;101147;7295.000000000;5;9586175687;S
20240212;101147;7295.000000000;5;9586175688;S
20240212;101148;7296.000000000;1;9586175889;B
20240212;101209;7296.000000000;2;9586178778;B
20240212;101213;7295.000000000;1;9586179473;S
20240212;101215;7295.000000000;5;9586179711;S
20240212;101216;7296.000000000;3;9586179821;B
20240212;101216;7296.000000000;1;9586179822;B
20240212;101216;7296.000000000;1;9586179823;B
20240212;101221;7297.000000000;12;9586180554;S
20240212;101222;7297.500000000;1;9586180732;B
20240212;101224;7297.500000000;1;9586180962;B
20240212;101227;7297.000000000;70;9586181415;S
20240212;101233;7297.000000000;135;9586182160;S
20240212;101233;7297.000000000;1;9586182259;S
20240212;101237;7297.000000000;32;9586182676;S
20240212;101237;7296.000000000;2;9586182677;S
20240212;101237;7296.000000000;5;9586182678;S
20240212;101237;7296.000000000;4;9586182679;S
20240212;101237;7296.000000000;1;9586182680;S
20240212;101238;7295.000000000;1;9586182850;S
20240212;101243;7296.500000000;5;9586183381;B
20240212;101243;7296.500000000;5;9586183382;B
20240212;101244;7297.000000000;1;9586183424;B
20240212;101246;7295.000000000;5;9586183716;S
20240212;101246;7295.000000000;3;9586183717;S
20240212;101246;7295.000000000;1;9586183719;S
20240212;101246;7293.500000000;10;9586183720;S
20240212;101248;7294.000000000;7;9586184003;B
20240212;101300;7294.000000000;1;9586185578;S
20240212;101305;7294.000000000;1;9586186072;S
20240212;101309;7294.500000000;6;9586186407;S
20240212;101314;7294.500000000;42;9586187161;S
20240212;101314;7294.000000000;3;9586187162;S
20240212;101314;7294.000000000;5;9586187163;S
20240212;101316;7294.500000000;5;9586187352;B
20240212;101328;7294.500000000;5;9586188934;B
20240212;101333;7294.500000000;5;9586189581;S
20240212;101333;7294.000000000;4;9586189582;S
20240212;101334;7295.000000000;1;9586189712;B
20240212;101334;7295.000000000;1;9586189713;B
20240212;101336;7293.500000000;3;9586190033;S
20240212;101341;7293.500000000;39;9586190716;S
20240212;101341;7293.000000000;7;9586190717;S
20240212;101341;7293.000000000;1;9586190718;S
20240212;101341;7293.000000000;2;9586190719;S
20240212;101341;7293.000000000;1;9586190720;S
20240212;101347;7293.000000000;2;9586191325;S
20240212;101347;7293.000000000;48;9586191326;S
20240212;101350;7293.500000000;1;9586191666;B
20240212;101352;7292.000000000;1;9586191942;S
20240212;101353;7292.000000000;9;9586192045;S
20240212;101353;7292.000000000;41;9586192046;S
20240212;101354;7292.000000000;1;9586192237;B
20240212;101354;7292.000000000;7;9586192238;B
20240212;101354;7292.500000000;5;9586192239;B
20240212;101354;7294.000000000;5;9586192240;B
20240212;101354;7294.000000000;9;9586192241;B
20240212;101358;7291.500000000;5;9586192626;S
20240212;101358;7290.500000000;19;9586192627;S
20240212;101358;7290.000000000;26;9586192628;S
20240212;101402;7289.000000000;10;9586193244;S
20240212;101402;7289.000000000;5;9586193245;S
20240212;101402;7289.000000000;35;9586193246;S
20240212;101406;7292.000000000;2;9586193686;B
20240212;101406;7292.000000000;3;9586193687;B
20240212;101410;7290.500000000;1;9586194122;S
20240212;101412;7290.000000000;5;9586194382;S
20240212;101412;7289.500000000;5;9586194383;S
20240212;101412;7289.000000000;10;9586194384;S
20240212;101412;7289.000000000;9;9586194385;S
20240212;101412;7287.500000000;20;9586194386;S
20240212;101412;7287.000000000;1;9586194387;S
20240212;101412;7287.500000000;5;9586194399;S
20240212;101418;7287.500000000;5;9586195127;S
20240212;101418;7287.500000000;2;9586195128;S
20240212;101418;7287.000000000;1;9586195129;S
20240212;101418;7287.000000000;16;9586195130;S
20240212;101418;7287.000000000;20;9586195131;S
20240212;101418;7286.500000000;1;9586195132;S
20240212;101418;7286.500000000;1;9586195133;S
20240212;101418;7286.500000000;4;9586195134;S
20240212;101427;7287.500000000;15;9586196197;S
20240212;101427;7287.500000000;2;9586196198;S
20240212;101427;7287.500000000;33;9586196199;S
20240212;101429;7288.500000000;1;9586196528;S
20240212;101432;7288.000000000;42;9586197089;S
20240212;101432;7288.000000000;8;9586197090;S
20240212;101432;7289.000000000;1;9586197139;B
20240212;101432;7289.000000000;2;9586197173;B
20240212;101432;7289.000000000;3;9586197174;B
20240212;101437;7289.000000000;2;9586197946;S
20240212;101437;7288.500000000;15;9586197947;S
20240212;101437;7288.000000000;12;9586197948;S
20240212;101437;7288.000000000;1;9586197949;S
20240212;101437;7287.500000000;20;9586197950;S
20240212;101438;7287.500000000;10;9586198001;S
20240212;101440;7287.000000000;2;9586198380;S
20240212;101443;7287.500000000;42;9586198658;S
20240212;101443;7287.000000000;8;9586198659;S
20240212;101450;7287.000000000;5;9586199709;S
20240212;101450;7287.000000000;1;9586199710;S
20240212;101450;7287.000000000;36;9586199711;S
20240212;101450;7286.500000000;8;9586199712;S
20240212;101450;7286.000000000;1;9586199797;S
20240212;101450;7286.000000000;1;9586199798;S
20240212;101450;7286.000000000;10;9586199799;S
20240212;101450;7286.000000000;27;9586199800;S
20240212;101450;7285.500000000;4;9586199801;S
20240212;101452;7285.500000000;1;9586200001;S
20240212;101452;7285.500000000;2;9586200002;S
20240212;101452;7285.500000000;1;9586200003;S
20240212;101452;7285.500000000;32;9586200004;S
20240212;101452;7285.500000000;3;9586200005;S
20240212;101453;7285.500000000;5;9586200209;S
20240212;101453;7285.000000000;1;9586200210;S
20240212;101453;7285.000000000;1;9586200211;S
20240212;101453;7285.000000000;43;9586200212;S
20240212;101455;7285.000000000;1;9586200501;S
20240212;101455;7285.000000000;59;9586200513;S
20240212;101455;7285.000000000;3;9586200531;S
20240212;101456;7285.500000000;45;9586200571;B
20240212;101456;7285.500000000;20;9586200611;S
20240212;101456;7285.500000000;1;9586200612;S
20240212;101456;7285.000000000;28;9586200613;S
20240212;101504;7287.000000000;2;9586203192;B
20240212;101504;7287.000000000;4;9586203193;B
20240212;101504;7287.000000000;1;9586203194;B
20240212;101504;7288.000000000;6;9586203195;B
20240212;101506;7286.000000000;7;9586204108;S
20240212;101506;7286.000000000;6;9586204109;S
20240212;101506;7285.500000000;20;9586204110;S
20240212;101506;7285.500000000;10;9586204111;S
20240212;101506;7285.500000000;1;9586204112;S
20240212;101506;7285.000000000;6;9586204113;S
20240212;101509;7285.000000000;3;9586205345;S
20240212;101513;7285.500000000;10;9586206269;S
20240212;101525;7285.500000000;1;9586208909;B
20240212;101525;7285.500000000;2;9586208996;B
20240212;101528;7285.500000000;1;9586209742;B
20240212;101529;7285.000000000;66;9586210025;S
20240212;101529;7285.000000000;4;9586210026;S
20240212;101530;7285.500000000;1;9586210279;B
20240212;101531;7285.000000000;1;9586210398;S
20240212;101531;7285.000000000;5;9586210399;S
20240212;101531;7285.000000000;1;9586210400;S
20240212;101531;7285.000000000;2;9586210401;S
20240212;101531;7285.000000000;5;9586210499;S
20240212;101533;7285.000000000;1;9586210893;S
20240212;101535;7285.000000000;1;9586211183;S
20240212;101535;7285.000000000;1;9586211296;S
20240212;101538;7285.500000000;2;9586212010;B
20240212;101538;7285.500000000;1;9586212011;B
20240212;101538;7285.500000000;3;9586212012;B
20240212;101540;7285.500000000;1;9586212344;B
20240212;101550;7285.000000000;10;9586214538;S
20240212;101550;7285.000000000;5;9586214596;S
20240212;101550;7285.000000000;1;9586214597;S
20240212;101550;7285.000000000;10;9586214598;S
20240212;101550;7285.000000000;1;9586214599;S
20240212;101550;7285.000000000;2;9586214600;S
20240212;101550;7285.000000000;1;9586214601;S
20240212;101554;7285.000000000;1;9586215439;S
20240212;101554;7285.000000000;2;9586215440;S
20240212;101554;7285.000000000;2;9586215441;S
20240212;101554;7285.000000000;1;9586215442;S
20240212;101554;7285.000000000;1;9586215443;S
20240212;101554;7285.000000000;1;9586215444;S
20240212;101554;7285.000000000;1;9586215445;S
20240212;101554;7285.000000000;1;9586215446;S
20240212;101554;7285.000000000;1;9586215447;S
20240212;101554;7285.000000000;1;9586215448;S
20240212;101555;7285.000000000;9;9586215618;S
20240212;101555;7285.000000000;5;9586215619;S
20240212;101556;7285.500000000;8;9586215836;B
20240212;101601;7285.000000000;3;9586216796;S
20240212;101602;7285.500000000;4;9586216915;B
20240212;101607;7285.500000000;2;9586217892;B
20240212;101608;7285.500000000;4;9586218353;B
20240212;101609;7285.000000000;2;9586218475;S
20240212;101615;7285.500000000;8;9586219634;B
20240212;101615;7285.500000000;1;9586219635;B
20240212;101615;7285.500000000;2;9586219636;B
20240212;101615;7285.000000000;10;9586219676;S
20240212;101615;7285.000000000;4;9586219677;S
20240212;101615;7284.500000000;5;9586219678;S
20240212;101615;7284.500000000;27;9586219679;S
20240212;101615;7284.000000000;5;9586219680;S
20240212;101615;7284.000000000;20;9586219681;S
20240212;101615;7283.500000000;5;9586219682;S
20240212;101615;7283.500000000;40;9586219683;S
20240212;101615;7283.500000000;2;9586219684;S
20240212;101615;7283.000000000;2;9586219685;S
20240212;101615;7283.000000000;1;9586219686;S
20240212;101615;7283.000000000;10;9586219687;S
20240212;101615;7283.000000000;1;9586219688;S
20240212;101615;7283.000000000;1;9586219689;S
20240212;101615;7283.000000000;15;9586219690;S
20240212;101615;7283.000000000;4;9586219691;S
20240212;101615;7283.000000000;1;9586219692;S
20240212;101615;7283.000000000;1;9586219693;S
20240212;101615;7283.000000000;5;9586219694;S
20240212;101615;7283.000000000;1;9586219695;S
20240212;101615;7283.000000000;5;9586219696;S
20240212;101615;7283.000000000;5;9586219697;S
20240212;101615;7283.000000000;10;9586219698;S
20240212;101615;7283.000000000;33;9586219699;S
20240212;101615;7283.000000000;2;9586219700;S
20240212;101615;7283.000000000;2;9586219701;S
20240212;101615;7283.000000000;2;9586219702;S
20240212;101615;7283.000000000;2;9586219703;S
20240212;101615;7283.000000000;1;9586219704;S
20240212;101615;7283.000000000;1;9586219705;S
20240212;101615;7283.000000000;1;9586219706;S
20240212;101615;7283.000000000;1;9586219707;S
20240212;101615;7283.000000000;1;9586219708;S
20240212;101615;7283.000000000;1;9586219709;S
20240212;101615;7283.000000000;1;9586219710;S
20240212;101615;7283.000000000;10;9586219711;S
20240212;101615;7282.500000000;80;9586219712;S
20240212;101615;7282.500000000;5;9586219713;S
20240212;101615;7282.500000000;12;9586219714;S
20240212;101615;7282.500000000;20;9586219715;S
20240212;101615;7282.000000000;1;9586219716;S
20240212;101615;7282.000000000;2;9586219717;S
20240212;101615;7282.000000000;5;9586219718;S
20240212;101615;7282.000000000;20;9586219719;S
20240212;101615;7281.500000000;5;9586219720;S
20240212;101615;7281.500000000;40;9586219721;S
20240212;101615;7281.000000000;5;9586219722;S
20240212;101615;7281.000000000;1;9586219723;S
20240212;101615;7281.000000000;1;9586219724;S
20240212;101615;7280.500000000;5;9586219725;S
20240212;101615;7280.500000000;3;9586219726;S
20240212;101615;7280.500000000;10;9586219727;S
20240212;101615;7280.000000000;5;9586219728;S
20240212;101615;7280.000000000;20;9586219729;S
20240212;101615;7280.000000000;1;9586219730;S
20240212;101615;7280.000000000;2;9586219731;S
20240212;101615;7280.000000000;1;9586219732;S
20240212;101615;7280.000000000;6;9586219733;S
20240212;101615;7280.000000000;1;9586219734;S
20240212;101615;7280.000000000;10;9586219735;S
20240212;101615;7280.000000000;3;9586219736;S
20240212;101615;7279.500000000;5;9586219737;S
20240212;101615;7279.500000000;20;9586219738;S
20240212;101615;7279.000000000;5;9586219739;S
20240212;101615;7279.000000000;10;9586219740;S
20240212;101615;7278.500000000;5;9586219741;S
20240212;101615;7278.500000000;40;9586219742;S
20240212;101615;7278.000000000;5;9586219743;S
20240212;101615;7277.500000000;5;9586219744;S
20240212;101615;7277.500000000;10;9586219745;S
20240212;101615;7277.500000000;6;9586219746;S
20240212;101615;7277.500000000;20;9586219747;S
20240212;101615;7277.000000000;5;9586219748;S
20240212;101615;7277.000000000;1;9586219749;S
20240212;101615;7277.000000000;20;9586219750;S
20240212;101615;7277.000000000;10;9586219751;S
20240212;101615;7276.500000000;5;9586219752;S
20240212;101615;7276.500000000;1;9586219753;S
20240212;101615;7276.500000000;1;9586219754;S
20240212;101615;7276.000000000;5;9586219755;S
20240212;101615;7276.000000000;1;9586219756;S
20240212;101615;7276.000000000;58;9586219757;S
20240212;101615;7276.000000000;20;9586219758;S
20240212;101615;7275.500000000;5;9586219759;S
20240212;101615;7275.500000000;1;9586219760;S
20240212;101615;7275.500000000;2;9586219761;S
20240212;101615;7275.500000000;1;9586219762;S
20240212;101615;7275.500000000;10;9586219763;S
20240212;101615;7275.500000000;110;9586219764;S
20240212;101615;7275.500000000;1;9586219765;S
20240212;101615;7275.500000000;1;9586219766;S
20240212;101615;7275.000000000;3;9586219767;S
20240212;101615;7275.000000000;5;9586219768;S
20240212;101615;7275.000000000;6;9586219769;S
20240212;101615;7275.000000000;250;9586219770;S
20240212;101615;7274.500000000;5;9586219771;S
20240212;101615;7274.000000000;5;9586219772;S
20240212;101615;7274.000000000;20;9586219773;S
20240212;101615;7273.500000000;5;9586219774;S
20240212;101615;7273.500000000;30;9586219775;S
20240212;101615;7273.500000000;20;9586219776;S
20240212;101615;7273.000000000;5;9586219777;S
20240212;101615;7273.000000000;14;9586219778;S
20240212;101615;7272.500000000;5;9586219779;S
20240212;101615;7272.000000000;5;9586219780;S
20240212;101615;7272.000000000;5;9586219781;S
20240212;101615;7271.500000000;5;9586219782;S
20240212;101615;7271.500000000;5;9586219783;S
20240212;101615;7271.500000000;8;9586219784;S
20240212;101615;7271.000000000;5;9586219785;S
20240212;101615;7271.000000000;200;9586219786;S
20240212;101615;7270.500000000;40;9586219787;S
20240212;101615;7270.500000000;5;9586219788;S
20240212;101615;7270.500000000;1;9586219789;S
20240212;101615;7270.500000000;1;9586219790;S
20240212;101615;7270.000000000;298;9586219791;S
20240212;101615;7270.000000000;1;9586219792;S
20240212;101615;7270.000000000;5;9586219793;S
20240212;101615;7270.000000000;1;9586219794;S
20240212;101615;7270.000000000;10;9586219795;S
20240212;101615;7269.500000000;5;9586219796;S
20240212;101615;7269.500000000;1;9586219797;S
20240212;101615;7269.500000000;2;9586219798;S
20240212;101615;7269.000000000;5;9586219799;S
20240212;101615;7269.000000000;200;9586219800;S
20240212;101615;7269.000000000;1;9586219801;S
20240212;101615;7268.500000000;5;9586219802;S
20240212;101615;7268.500000000;20;9586219803;S
20240212;101615;7268.000000000;5;9586219804;S
20240212;101615;7268.000000000;1;9586219805;S
20240212;101615;7267.500000000;5;9586219806;S
20240212;101615;7267.500000000;135;9586219807;S
20240212;101615;7267.000000000;5;9586219808;S
20240212;101615;7267.000000000;20;9586219809;S
20240212;101615;7267.000000000;20;9586219810;S
20240212;101615;7267.000000000;101;9586219811;S
20240212;101615;7281.500000000;20;9586219813;S
20240212;101615;7274.500000000;1;9586219830;B
20240212;101615;7272.000000000;4;9586219831;S
20240212;101615;7272.000000000;2;9586219833;S
20240212;101616;7272.000000000;9;9586219842;S
20240212;101616;7279.500000000;2;9586219895;B
20240212;101616;7275.500000000;8;9586219897;S
20240212;101616;7278.500000000;2;9586219916;B
20240212;101616;7275.000000000;10;9586219919;S
20240212;101616;7278.500000000;10;9586219925;B
20240212;101616;7279.000000000;2;9586220096;B
20240212;101616;7275.000000000;1;9586220098;S
20240212;101616;7278.000000000;2;9586220132;B
20240212;101616;7278.000000000;1;9586220137;B
20240212;101616;7278.500000000;1;9586220150;B
20240212;101616;7279.000000000;1;9586220174;B
20240212;101616;7279.000000000;1;9586220196;B
20240212;101617;7279.000000000;1;9586220243;B
20240212;101617;7279.000000000;1;9586220251;B
20240212;101617;7279.000000000;1;9586220272;B
20240212;101617;7279.000000000;1;9586220290;B
20240212;101617;7278.000000000;1;9586220292;B
20240212;101617;7278.000000000;1;9586220304;B
20240212;101617;7279.000000000;2;9586220353;B
20240212;101617;7279.000000000;2;9586220355;B
20240212;101617;7279.000000000;2;9586220366;B
20240212;101617;7279.000000000;2;9586220386;B
20240212;101617;7277.500000000;1;9586220393;S
20240212;101618;7279.000000000;2;9586220404;B
20240212;101618;7279.000000000;1;9586220415;B
20240212;101618;7279.000000000;1;9586220417;B
20240212;101618;7279.000000000;1;9586220433;B
20240212;101618;7279.000000000;1;9586220462;B
20240212;101618;7279.000000000;1;9586220488;B
20240212;101618;7279.000000000;1;9586220504;B
20240212;101618;7279.000000000;1;9586220520;B
20240212;101619;7279.500000000;27;9586220686;S
20240212;101619;7279.000000000;1;9586220687;S
20240212;101619;7279.000000000;1;9586220688;S
20240212;101619;7279.000000000;8;9586220689;S
20240212;101619;7277.500000000;13;9586220690;S
20240212;101622;7278.000000000;5;9586221246;B
20240212;101626;7277.500000000;1;9586222065;S
20240212;101631;7277.500000000;2;9586223025;S
20240212;101631;7277.500000000;2;9586223046;S
20240212;101631;7277.000000000;1;9586223047;S
20240212;101631;7277.000000000;2;9586223048;S
20240212;101631;7277.000000000;2;9586223049;S
20240212;101631;7277.000000000;2;9586223050;S
20240212;101631;7277.000000000;2;9586223051;S
20240212;101631;7277.000000000;2;9586223052;S
20240212;101631;7277.000000000;2;9586223053;S
20240212;101631;7277.000000000;1;9586223054;S
20240212;101631;7277.000000000;1;9586223055;S
20240212;101631;7277.000000000;1;9586223056;S
20240212;101631;7277.000000000;1;9586223057;S
20240212;101631;7277.000000000;1;9586223058;S
20240212;101631;7277.000000000;1;9586223059;S
20240212;101631;7277.000000000;1;9586223060;S
20240212;101631;7277.000000000;1;9586223061;S
20240212;101631;7276.500000000;8;9586223062;S
20240212;101631;7275.500000000;1;9586223063;S
20240212;101631;7275.000000000;2;9586223064;S
20240212;101631;7275.000000000;2;9586223065;S
20240212;101631;7275.000000000;2;9586223066;S
20240212;101631;7275.000000000;2;9586223067;S
20240212;101631;7275.000000000;2;9586223068;S
20240212;101631;7275.000000000;2;9586223069;S
20240212;101631;7275.000000000;2;9586223070;S
20240212;101631;7275.000000000;1;9586223071;S
20240212;101631;7275.000000000;1;9586223072;S
20240212;101631;7275.000000000;1;9586223073;S
20240212;101631;7275.000000000;1;9586223074;S
20240212;101631;7275.000000000;1;9586223075;S
20240212;101631;7275.000000000;1;9586223076;S
20240212;101631;7275.000000000;1;9586223077;S
20240212;101631;7275.000000000;1;9586223078;S
20240212;101631;7274.500000000;20;9586223079;S
20240212;101631;7273.000000000;27;9586223080;S
20240212;101631;7272.500000000;10;9586223081;S
20240212;101631;7271.500000000;1;9586223082;S
20240212;101631;7271.500000000;80;9586223083;S
20240212;101631;7271.000000000;20;9586223084;S
20240212;101631;7269.500000000;88;9586223085;S
20240212;101631;7275.500000000;2;9586223087;S
20240212;101632;7276.000000000;19;9586223254;B
20240212;101636;7273.500000000;1;9586224110;B
20240212;101637;7273.500000000;1;9586224255;B
20240212;101637;7274.000000000;1;9586224256;B
20240212;101637;7274.500000000;1;9586224257;B
20240212;101641;7273.000000000;5;9586224976;S
20240212;101643;7273.000000000;1;9586225426;S
20240212;101645;7273.000000000;1;9586225858;S
20240212;101645;7273.500000000;2;9586225944;S
20240212;101645;7273.500000000;7;9586225945;S
20240212;101647;7273.000000000;2;9586226206;S
20240212;101647;7273.000000000;1;9586226207;S
20240212;101647;7273.000000000;1;9586226264;S
20240212;101647;7273.000000000;1;9586226265;S
20240212;101653;7273.500000000;1;9586227261;S
20240212;101653;7273.000000000;1;9586227262;S
20240212;101653;7273.000000000;2;9586227263;S
20240212;101653;7273.000000000;1;9586227264;S
20240212;101653;7273.000000000;1;9586227324;S
20240212;101653;7273.000000000;2;9586227325;S
20240212;101653;7273.000000000;2;9586227326;S
20240212;101653;7273.000000000;1;9586227327;S
20240212;101653;7273.000000000;1;9586227328;S
20240212;101653;7273.000000000;1;9586227329;S
20240212;101653;7273.000000000;1;9586227330;S
20240212;101653;7273.000000000;1;9586227331;S
20240212;101653;7273.000000000;1;9586227332;S
20240212;101653;7273.000000000;1;9586227333;S
20240212;101653;7273.000000000;1;9586227334;S
20240212;101653;7273.000000000;4;9586227335;S
20240212;101653;7273.000000000;1;9586227336;S
20240212;101654;7273.500000000;4;9586227446;B
20240212;101656;7272.000000000;8;9586227835;S
20240212;101700;7272.000000000;15;9586228536;S
20240212;101701;7271.000000000;1;9586228733;S
20240212;101702;7271.000000000;1;9586229088;S
20240212;101702;7271.000000000;1;9586229089;S
20240212;101702;7271.000000000;1;9586229202;S
20240212;101702;7271.000000000;2;9586229203;S
20240212;101703;7271.000000000;2;9586229413;S
20240212;101703;7271.000000000;1;9586229414;S
20240212;101708;7271.500000000;2;9586230142;B
20240212;101708;7271.500000000;1;9586230201;B
20240212;101710;7271.500000000;2;9586230632;B
20240212;101710;7272.000000000;7;9586230633;B
20240212;101710;7271.500000000;10;9586230634;S
20240212;101710;7271.500000000;8;9586230635;S
20240212;101711;7271.000000000;1;9586230723;S
20240212;101711;7271.000000000;1;9586230724;S
20240212;101711;7271.500000000;10;9586230757;S
20240212;101711;7271.500000000;27;9586230758;S
20240212;101711;7271.500000000;20;9586230759;S
20240212;101712;7271.500000000;10;9586230958;S
20240212;101712;7271.500000000;27;9586230959;S
20240212;101712;7271.500000000;39;9586230960;S
20240212;101712;7272.000000000;50;9586231092;B
20240212;101714;7272.000000000;2;9586231275;B
20240212;101714;7272.000000000;14;9586231346;B
20240212;101715;7272.000000000;8;9586231432;B
20240212;101716;7272.000000000;5;9586231722;B
20240212;101717;7272.000000000;1;9586231863;B
20240212;101717;7272.000000000;5;9586231959;B
20240212;101719;7272.000000000;30;9586232256;B
20240212;101719;7272.000000000;8;9586232257;B
20240212;101720;7273.000000000;2;9586232388;B
20240212;101720;7273.000000000;3;9586232389;B
20240212;101721;7273.000000000;3;9586232659;B
20240212;101721;7273.000000000;84;9586232724;B
20240212;101721;7273.500000000;8;9586232725;B
20240212;101721;7274.000000000;1;9586232726;B
20240212;101721;7274.000000000;2;9586232727;B
20240212;101722;7276.000000000;1;9586232746;B
20240212;101722;7277.500000000;1;9586232747;B
20240212;101722;7279.500000000;3;9586232748;B
20240212;101723;7277.000000000;27;9586233066;S
20240212;101730;7279.000000000;5;9586234452;B
20240212;101730;7279.000000000;25;9586234453;B
20240212;101734;7279.000000000;2;9586235134;B
20240212;101734;7279.000000000;80;9586235135;B
20240212;101734;7279.500000000;15;9586235136;B
20240212;101734;7279.500000000;8;9586235137;B
20240212;101734;7279.500000000;2;9586235138;B
20240212;101734;7279.500000000;5;9586235139;B
20240212;101734;7279.500000000;1;9586235140;B
20240212;101734;7280.000000000;2;9586235141;B
20240212;101734;7280.500000000;5;9586235142;B
20240212;101734;7280.500000000;80;9586235143;S
20240212;101736;7278.500000000;1;9586235578;S
20240212;101746;7280.500000000;2;9586237113;S
20240212;101747;7281.000000000;1;9586237209;B
20240212;101753;7280.500000000;1;9586238215;S
20240212;101753;7280.000000000;3;9586238216;S
20240212;101759;7279.500000000;1;9586239084;B
20240212;101809;7277.500000000;1;9586240616;S
20240212;101816;7279.500000000;10;9586241736;B
20240212;101820;7279.500000000;1;9586242339;S
20240212;101823;7279.500000000;12;9586242703;S
20240212;101825;7281.000000000;1;9586243066;B
20240212;101825;7281.000000000;3;9586243067;B
20240212;101825;7281.000000000;5;9586243068;B
20240212;101829;7280.500000000;1;9586243568;B
20240212;101829;7279.500000000;1;9586243642;S
20240212;101829;7279.500000000;4;9586243643;S
20240212;101836;7277.500000000;4;9586244872;S
20240212;101836;7277.000000000;1;9586244873;S
20240212;101836;7276.000000000;3;9586244964;S
20240212;101847;7277.000000000;6;9586246575;S
20240212;101901;7279.500000000;5;9586248806;B
20240212;101903;7279.500000000;7;9586249059;B
20240212;101905;7279.500000000;1;9586249248;B
20240212;101917;7279.500000000;2;9586251187;B
20240212;101921;7279.500000000;10;9586251722;B
20240212;101922;7279.500000000;2;9586251814;B
20240212;101922;7279.500000000;3;9586251815;B
20240212;101922;7278.500000000;1;9586251843;S
20240212;101922;7278.500000000;7;9586251844;S
20240212;101922;7278.000000000;1;9586251845;S
20240212;101922;7278.000000000;9;9586251846;S
20240212;101922;7277.500000000;42;9586251847;S
20240212;101922;7277.000000000;2;9586251848;S
20240212;101922;7277.000000000;2;9586251849;S
20240212;101922;7277.000000000;5;9586251850;S
20240212;101922;7277.000000000;64;9586251851;S
20240212;101922;7276.000000000;37;9586251852;S
20240212;101922;7276.000000000;15;9586251853;S
20240212;101922;7276.000000000;20;9586251854;S
20240212;101922;7276.000000000;7;9586251855;S
20240212;101922;7275.500000000;10;9586251856;S
20240212;101922;7275.000000000;6;9586251857;S
20240212;101922;7274.000000000;10;9586251858;S
20240212;101922;7274.000000000;20;9586251859;S
20240212;101922;7273.500000000;2;9586251860;S
20240212;101922;7273.000000000;27;9586251861;S
20240212;101922;7272.000000000;12;9586251862;S
20240212;101922;7272.000000000;10;9586251863;S
20240212;101922;7272.000000000;10;9586251864;S
20240212;101922;7272.000000000;1;9586251865;S
20240212;101922;7272.000000000;20;9586251866;S
20240212;101922;7271.500000000;1;9586251867;S
20240212;101922;7271.000000000;1;9586251868;S
20240212;101922;7271.000000000;2;9586251869;S
20240212;101922;7271.000000000;2;9586251870;S
20240212;101922;7271.000000000;2;9586251871;S
20240212;101922;7271.000000000;1;9586251872;S
20240212;101922;7271.000000000;1;9586251873;S
20240212;101922;7271.000000000;1;9586251874;S
20240212;101922;7271.000000000;1;9586251875;S
20240212;101922;7271.000000000;1;9586251876;S
20240212;101922;7271.000000000;1;9586251877;S
20240212;101922;7271.000000000;1;9586251878;S
20240212;101922;7271.000000000;1;9586251879;S
20240212;101922;7271.000000000;2;9586251880;S
20240212;101922;7271.000000000;5;9586251881;S
20240212;101922;7271.000000000;5;9586251882;S
20240212;101922;7270.500000000;2;9586251883;S
20240212;101922;7270.500000000;1;9586251884;S
20240212;101922;7270.500000000;1;9586251885;S
20240212;101922;7270.000000000;250;9586251886;S
20240212;101922;7270.000000000;7;9586251887;S
20240212;101922;7270.000000000;10;9586251888;S
20240212;101922;7270.000000000;14;9586251889;S
20240212;101922;7270.000000000;1;9586251890;S
20240212;101922;7270.000000000;10;9586251891;S
20240212;101922;7270.000000000;7;9586251892;B
20240212;101922;7270.000000000;6;9586251893;B
20240212;101922;7270.000000000;207;9586251894;B
20240212;101922;7270.000000000;129;9586251895;B
20240212;101922;7270.000000000;10;9586251896;B
20240212;101922;7270.000000000;6;9586251897;B
20240212;101922;7270.000000000;34;9586251899;B
20240212;101922;7269.500000000;19;9586251908;S
20240212;101922;7269.500000000;1;9586251909;S
20240212;101922;7269.500000000;9;9586251910;S
20240212;101922;7269.500000000;11;9586251911;S
20240212;101922;7269.500000000;3;9586251912;S
20240212;101922;7269.000000000;2;9586251913;S
20240212;101924;7269.000000000;2;9586252198;S
20240212;101925;7269.000000000;2;9586252291;S
20240212;101925;7269.000000000;2;9586252349;S
20240212;101926;7269.000000000;2;9586252558;S
20240212;101926;7269.000000000;2;9586252559;S
20240212;101926;7269.000000000;1;9586252560;S
20240212;101928;7269.000000000;1;9586252789;S
20240212;101928;7269.000000000;2;9586252790;S
20240212;101928;7269.000000000;2;9586252791;S
20240212;101928;7269.000000000;2;9586252792;S
20240212;101929;7269.000000000;2;9586253007;S
20240212;101929;7269.000000000;1;9586253008;S
20240212;101929;7269.000000000;1;9586253009;S
20240212;101929;7269.000000000;1;9586253010;S
20240212;101929;7269.000000000;1;9586253011;S
20240212;101929;7269.000000000;1;9586253012;S
20240212;101929;7269.000000000;1;9586253013;S
20240212;101929;7269.000000000;1;9586253014;S
20240212;101929;7269.000000000;1;9586253015;S
20240212;101929;7269.000000000;5;9586253016;S
20240212;101929;7268.000000000;2;9586253023;S
20240212;101929;7268.000000000;1;9586253024;S
20240212;101930;7268.000000000;2;9586253058;S
20240212;101930;7267.500000000;2;9586253059;S
20240212;101930;7267.500000000;1;9586253060;S
20240212;101930;7267.500000000;8;9586253061;S
20240212;101930;7267.500000000;1;9586253062;S
20240212;101931;7267.500000000;2;9586253278;S
20240212;101934;7268.500000000;2;9586253798;B
20240212;101942;7268.000000000;5;9586255114;S
20240212;101942;7269.000000000;2;9586255144;B
20240212;101945;7268.000000000;3;9586255726;S
20240212;101945;7268.000000000;7;9586255727;S
20240212;101945;7269.000000000;1;9586255798;B
20240212;101946;7267.500000000;2;9586255833;S
20240212;101946;7269.000000000;1;9586255875;B
20240212;101946;7267.500000000;1;9586255878;S
20240212;101948;7267.500000000;14;9586256239;S
20240212;101952;7269.000000000;2;9586256936;B
20240212;101952;7269.000000000;12;9586256937;B
20240212;101954;7268.500000000;2;9586257518;S
20240212;101954;7268.500000000;2;9586257519;S
20240212;101954;7268.000000000;5;9586257520;S
20240212;101954;7268.000000000;7;9586257521;S
20240212;101954;7268.000000000;17;9586257522;S
20240212;101955;7268.000000000;10;9586257679;S
20240212;102002;7269.000000000;5;9586258762;B
20240212;102002;7268.000000000;2;9586258853;S
20240212;102003;7269.000000000;15;9586259102;B
20240212;102003;7269.000000000;4;9586259103;B
20240212;102006;7269.000000000;13;9586259497;S
20240212;102009;7269.500000000;1;9586260691;B
20240212;102016;7269.000000000;3;9586263176;S
20240212;102018;7269.500000000;5;9586264637;B
20240212;102020;7269.000000000;10;9586265150;S
20240212;102020;7269.500000000;2;9586265232;B
20240212;102023;7269.500000000;42;9586267636;B
20240212;102023;7269.500000000;7;9586267637;B
20240212;102023;7269.500000000;5;9586267638;B
20240212;102023;7270.000000000;146;9586267639;B
20240212;102024;7270.000000000;80;9586268654;B
20240212;102024;7270.000000000;203;9586268655;B
20240212;102024;7270.000000000;19;9586268656;B
20240212;102024;7270.000000000;13;9586268657;B
20240212;102031;7270.000000000;2;9586270428;B
20240212;102032;7269.500000000;1;9586270588;S
20240212;102032;7269.500000000;7;9586272726;S
20240212;102032;7269.500000000;13;9586272728;S
20240212;102036;7270.000000000;50;9586274372;B
20240212;102039;7269.500000000;6;9586274900;S
20240212;102041;7269.500000000;1;9586276649;S
20240212;102042;7270.000000000;1;9586276741;B
20240212;102043;7269.500000000;1;9586277094;S
20240212;102043;7270.000000000;2;9586277156;B
20240212;102043;7270.000000000;1;9586277200;B
20240212;102044;7270.000000000;1;9586277269;B
20240212;102049;7269.500000000;2;9586280057;S
20240212;102050;7270.000000000;1;9586280275;B
20240212;102051;7269.500000000;10;9586280936;S
20240212;102051;7270.000000000;5;9586280946;B
20240212;102052;7269.500000000;1;9586281063;S
20240212;102055;7269.500000000;27;9586281942;S
20240212;102100;7269.500000000;1;9586284741;S
20240212;102104;7270.000000000;1;9586285988;B
20240212;102109;7270.000000000;21;9586288052;B
20240212;102109;7270.000000000;64;9586288056;B
20240212;102110;7270.000000000;1;9586288542;B
20240212;102113;7269.500000000;1;9586289583;S
20240212;102113;7269.500000000;1;9586289584;S
20240212;102113;7269.500000000;25;9586289585;S
20240212;102115;7269.500000000;10;9586290352;S
20240212;102115;7269.500000000;40;9586290353;S
20240212;102116;7270.000000000;9;9586290456;B
20240212;102118;7269.500000000;1;9586291644;S
20240212;102118;7270.000000000;10;9586291669;B
20240212;102123;7270.000000000;50;9586293419;B
20240212;102127;7269.500000000;2;9586294913;S
20240212;102127;7269.500000000;1;9586294946;S
20240212;102128;7269.500000000;2;9586295430;S
20240212;102138;7269.500000000;1;9586299274;B
20240212;102138;7269.500000000;1;9586299275;B
20240212;102138;7270.000000000;1;9586299276;B
20240212;102140;7270.000000000;1;9586300118;B
20240212;102142;7269.500000000;1;9586300768;S
20240212;102142;7269.500000000;7;9586300769;S
20240212;102144;7269.000000000;2;9586301770;S
20240212;102146;7269.000000000;5;9586302134;S
20240212;102147;7270.000000000;1;9586302789;B
20240212;102152;7269.500000000;1;9586304747;B
20240212;102154;7269.500000000;2;9586305650;B
20240212;102156;7269.500000000;1;9586305833;B
20240212;102157;7269.500000000;1;9586306086;B
20240212;102203;7269.000000000;2;9586308823;S
20240212;102204;7269.500000000;2;9586308983;B
20240212;102204;7270.000000000;8;9586308984;B
20240212;102206;7269.000000000;65;9586309167;S
20240212;102210;7269.000000000;20;9586311440;S
20240212;102210;7269.000000000;1;9586311441;S
20240212;102210;7269.000000000;1;9586311442;S
20240212;102210;7269.000000000;1;9586311443;S
20240212;102210;7268.000000000;2;9586311444;S
20240212;102210;7268.000000000;1;9586311445;S
20240212;102214;7268.000000000;1;9586312350;B
20240212;102216;7268.500000000;11;9586313016;B
20240212;102218;7267.500000000;2;9586314183;S
20240212;102218;7267.500000000;2;9586314184;S
20240212;102218;7267.000000000;25;9586314185;S
20240212;102220;7267.000000000;9;9586314541;S
20240212;102220;7267.000000000;1;9586314542;S
20240212;102221;7267.000000000;4;9586315064;S
20240212;102221;7267.000000000;2;9586315065;S
20240212;102221;7267.000000000;2;9586315066;S
20240212;102221;7267.000000000;2;9586315067;S
20240212;102221;7267.000000000;2;9586315068;S
20240212;102221;7267.000000000;2;9586315069;S
20240212;102221;7267.000000000;1;9586315070;S
20240212;102221;7267.000000000;1;9586315122;S
20240212;102221;7267.000000000;2;9586315123;S
20240212;102221;7267.000000000;2;9586315124;S
20240212;102221;7267.000000000;2;9586315125;S
20240212;102221;7267.000000000;2;9586315126;S
20240212;102221;7267.000000000;2;9586315127;S
20240212;102221;7267.000000000;2;9586315128;S
20240212;102221;7267.000000000;2;9586315129;S
20240212;102221;7267.000000000;1;9586315130;S
20240212;102221;7267.000000000;1;9586315131;S
20240212;102221;7267.000000000;1;9586315132;S
20240212;102221;7267.000000000;1;9586315133;S
20240212;102221;7267.000000000;1;9586315134;S
20240212;102221;7267.000000000;1;9586315135;S
20240212;102221;7267.000000000;1;9586315136;S
20240212;102224;7266.500000000;3;9586316826;S
20240212;102225;7267.000000000;2;9586317391;B
20240212;102225;7267.000000000;2;9586317432;B
20240212;102225;7267.500000000;3;9586317433;B
20240212;102225;7268.000000000;3;9586317436;B
20240212;102227;7266.500000000;2;9586318017;S
20240212;102227;7266.500000000;10;9586318018;S
20240212;102227;7266.500000000;1;9586318019;S
20240212;102227;7266.500000000;1;9586318020;S
20240212;102227;7266.500000000;13;9586318021;S
20240212;102227;7266.000000000;5;9586318022;S
20240212;102227;7266.000000000;20;9586318023;S
20240212;102227;7266.000000000;116;9586318024;S
20240212;102227;7266.000000000;2;9586318028;S
20240212;102230;7266.500000000;1;9586318695;B
20240212;102236;7267.000000000;1;9586321298;B
20240212;102238;7267.000000000;1;9586322534;B
20240212;102239;7266.000000000;22;9586322708;S
20240212;102239;7266.000000000;3;9586322709;S
20240212;102239;7267.000000000;1;9586322787;B
20240212;102243;7267.000000000;2;9586324798;B
20240212;102245;7266.000000000;100;9586325871;S
20240212;102249;7267.000000000;1;9586326569;B
20240212;102251;7266.000000000;10;9586327109;S
20240212;102253;7266.000000000;22;9586327356;S
20240212;102253;7266.000000000;6;9586327357;S
20240212;102253;7266.000000000;30;9586327358;S
20240212;102253;7266.000000000;99;9586327359;S
20240212;102253;7266.000000000;1;9586327360;S
20240212;102253;7266.000000000;10;9586327361;S
20240212;102253;7266.000000000;27;9586327362;S
20240212;102253;7265.500000000;5;9586327363;S
20240212;102253;7265.500000000;135;9586327364;S
20240212;102253;7265.500000000;92;9586327365;S
20240212;102253;7265.500000000;6;9586327366;S
20240212;102253;7265.500000000;5;9586327398;S
20240212;102253;7265.500000000;1;9586328527;S
20240212;102253;7265.500000000;20;9586329095;S
20240212;102254;7265.500000000;2;9586329109;S
20240212;102257;7265.500000000;1;9586329688;S
20240212;102258;7265.500000000;1;9586330184;S
20240212;102259;7265.500000000;8;9586330251;S
20240212;102259;7265.500000000;1;9586330252;S
20240212;102259;7265.500000000;1;9586330253;S
20240212;102259;7265.000000000;1;9586330254;S
20240212;102259;7265.000000000;1;9586330255;S
20240212;102259;7265.000000000;5;9586330256;S
20240212;102259;7265.000000000;1;9586330257;S
20240212;102259;7265.000000000;5;9586330258;S
20240212;102259;7265.000000000;2;9586330259;S
20240212;102259;7265.000000000;2;9586330260;S
20240212;102259;7265.000000000;2;9586330261;S
20240212;102259;7265.000000000;2;9586330262;S
20240212;102259;7265.000000000;2;9586330263;S
20240212;102259;7265.000000000;2;9586330264;S
20240212;102259;7265.000000000;2;9586330265;S
20240212;102259;7265.000000000;2;9586330266;S
20240212;102259;7265.000000000;2;9586330267;S
20240212;102259;7265.000000000;2;9586330268;S
20240212;102259;7265.000000000;2;9586330269;S
20240212;102259;7265.000000000;2;9586330270;S
20240212;102259;7265.000000000;2;9586330271;S
20240212;102259;7265.000000000;2;9586330272;S
20240212;102259;7265.000000000;2;9586330273;S
20240212;102259;7265.000000000;1;9586330274;S
20240212;102259;7265.000000000;1;9586330275;S
20240212;102259;7265.000000000;1;9586330276;S
20240212;102259;7265.000000000;1;9586330277;S
20240212;102259;7265.000000000;1;9586330278;S
20240212;102259;7264.500000000;3;9586330279;S
20240212;102259;7264.500000000;2;9586330280;S
20240212;102259;7264.500000000;1;9586330281;S
20240212;102259;7264.500000000;1;9586330282;S
20240212;102259;7264.000000000;5;9586330283;S
20240212;102259;7263.500000000;1;9586330284;S
20240212;102259;7263.500000000;4;9586330288;S
20240212;102259;7263.500000000;1;9586330289;S
20240212;102259;7263.000000000;4;9586330290;S
20240212;102259;7263.000000000;1;9586330291;S
20240212;102259;7263.000000000;29;9586330292;S
20240212;102259;7262.500000000;5;9586330348;S
20240212;102259;7263.500000000;1;9586330455;B
20240212;102259;7263.500000000;6;9586330456;B
20240212;102259;7262.500000000;1;9586330468;S
20240212;102259;7262.000000000;1;9586330469;S
20240212;102300;7262.000000000;1;9586331252;S
20240212;102300;7262.500000000;15;9586331303;B
20240212;102304;7262.000000000;1;9586332548;S
20240212;102306;7262.000000000;2;9586333819;S
20240212;102306;7262.000000000;8;9586333820;S
20240212;102312;7264.000000000;2;9586336161;B
20240212;102312;7263.000000000;2;9586336812;S
20240212;102312;7263.000000000;2;9586336813;S
20240212;102312;7263.000000000;2;9586336814;S
20240212;102312;7263.000000000;2;9586336815;S
20240212;102312;7263.000000000;2;9586336816;S
20240212;102312;7263.000000000;2;9586336817;S
20240212;102312;7263.000000000;2;9586336818;S
20240212;102312;7263.000000000;2;9586336819;S
20240212;102312;7263.000000000;2;9586336820;S
20240212;102312;7263.000000000;2;9586336821;S
20240212;102312;7263.000000000;2;9586336822;S
20240212;102312;7263.000000000;2;9586336823;S
20240212;102312;7263.000000000;2;9586336824;S
20240212;102312;7263.000000000;2;9586336825;S
20240212;102312;7263.000000000;2;9586336826;S
