<DATE>;<TIME>;<LAST>;<VOL>;<ID>;<OPER>
20240117;095933;6900.500000000;1;9411033353;B
20240117;095933;6900.500000000;1;9411033354;B
20240117;095933;6900.500000000;1;9411033355;B
20240117;095933;6900.500000000;1;9411033356;B
20240117;095933;6900.500000000;1;9411033357;B
20240117;095933;6900.500000000;10;9411033358;B
20240117;095933;6900.500000000;1;9411033359;B
20240117;095933;6900.500000000;9;9411033360;B
20240117;095933;6900.500000000;53;9411033361;B
20240117;095933;6900.500000000;5;9411033362;B
20240117;095933;6900.500000000;8;9411033363;B
20240117;095933;6900.500000000;4;9411033364;B
20240117;095933;6900.500000000;13;9411033365;B
20240117;095933;6900.500000000;1;9411033366;B
20240117;095933;6900.500000000;16;9411033367;B
20240117;095933;6900.500000000;1;9411033368;B
20240117;095933;6900.500000000;1;9411033369;S
20240117;095933;6900.500000000;70;9411033370;B
20240117;095933;6900.500000000;8;9411033371;S
20240117;095933;6900.500000000;1;9411033372;S
20240117;095933;6900.500000000;5;9411033373;S
20240117;095933;6900.500000000;1;9411033374;S
20240117;095933;6900.500000000;1;9411033375;S
20240117;095933;6900.500000000;1;9411033376;S
20240117;095933;6900.500000000;29;9411033377;S
20240117;095933;6900.500000000;1;9411033378;S
20240117;095933;6900.500000000;10;9411033379;S
20240117;095933;6900.500000000;1;9411033380;S
20240117;095933;6900.500000000;1;9411033381;S
20240117;095933;6900.500000000;20;9411033382;S
20240117;095933;6900.500000000;89;9411033383;B
20240117;095933;6900.500000000;1;9411033384;B
20240117;095933;6900.500000000;1;9411033385;B
20240117;095933;6900.500000000;1;9411033386;B
20240117;095933;6900.500000000;1;9411033387;B
20240117;095933;6900.500000000;7;9411033388;S
20240117;095933;6900.500000000;5;9411033389;S
20240117;095933;6900.500000000;22;9411033390;S
20240117;095933;6900.500000000;1;9411033391;S
20240117;095933;6900.500000000;14;9411033392;S
20240117;095933;6900.500000000;1;9411033393;B
20240117;095933;6900.500000000;5;9411033394;S
20240117;095933;6900.500000000;20;9411033395;S
20240117;095933;6900.500000000;1;9411033396;S
20240117;095933;6900.500000000;1;9411033397;B
20240117;095933;6900.500000000;1;9411033398;B
20240117;095933;6900.500000000;1;9411033399;B
20240117;095933;6900.500000000;4;9411033400;S
20240117;095933;6900.500000000;1;9411033401;S
20240117;095933;6900.500000000;5;9411033402;S
20240117;095933;6900.500000000;1;9411033403;S
20240117;095933;6900.500000000;5;9411033404;S
20240117;095933;6900.500000000;6;9411033405;S
20240117;095933;6900.500000000;6;9411033406;S
20240117;095933;6900.500000000;6;9411033407;S
20240117;095933;6900.500000000;2;9411033408;S
20240117;095933;6900.500000000;4;9411033409;S
20240117;095933;6900.500000000;6;9411033410;S
20240117;095933;6900.500000000;6;9411033411;S
20240117;095933;6900.500000000;2;9411033412;S
20240117;095933;6900.500000000;6;9411033413;S
20240117;095933;6900.500000000;20;9411033414;B
20240117;095933;6900.500000000;5;9411033415;S
20240117;095933;6900.500000000;6;9411033416;S
20240117;095933;6900.500000000;5;9411033417;B
20240117;095933;6900.500000000;15;9411033418;B
20240117;095933;6900.500000000;6;9411033419;S
20240117;095933;6900.500000000;1;9411033420;S
20240117;095933;6900.500000000;8;9411033421;S
20240117;095933;6900.500000000;1;9411033422;S
20240117;095933;6900.500000000;1;9411033423;S
20240117;095933;6900.500000000;6;9411033424;S
20240117;095933;6900.500000000;6;9411033425;S
20240117;095933;6900.500000000;2;9411033426;S
20240117;095933;6900.500000000;1;9411033427;S
20240117;095933;6900.500000000;5;9411033428;S
20240117;095933;6900.500000000;6;9411033429;S
20240117;095933;6900.500000000;10;9411033430;S
20240117;095933;6900.500000000;6;9411033431;S
20240117;095933;6900.500000000;2;9411033432;S
20240117;095933;6900.500000000;1;9411033433;S
20240117;095933;6900.500000000;1;9411033434;S
20240117;095933;6900.500000000;6;9411033435;S
20240117;095933;6900.500000000;6;9411033436;S
20240117;095933;6900.500000000;21;9411033437;S
20240117;095933;6900.500000000;6;9411033438;S
20240117;095933;6900.500000000;1;9411033439;S
20240117;095933;6900.500000000;1;9411033440;S
20240117;095933;6900.500000000;6;9411033441;S
20240117;095933;6900.500000000;1;9411033442;S
20240117;095933;6900.500000000;6;9411033443;S
20240117;095933;6900.500000000;5;9411033444;S
20240117;095933;6900.500000000;6;9411033445;S
20240117;095933;6900.500000000;1;9411033446;S
20240117;095933;6900.500000000;1;9411033447;S
20240117;095933;6900.500000000;6;9411033448;S
20240117;095933;6900.500000000;2;9411033449;B
20240117;095933;6900.500000000;6;9411033450;S
20240117;095933;6900.500000000;3;9411033451;B
20240117;095933;6900.500000000;6;9411033452;S
20240117;095933;6900.500000000;1;9411033453;S
20240117;095933;6900.500000000;6;9411033454;S
20240117;095933;6900.500000000;1;9411033455;S
20240117;095933;6900.500000000;6;9411033456;S
20240117;095933;6900.500000000;1;9411033457;B
20240117;095933;6900.500000000;10;9411033458;B
20240117;095933;6900.500000000;7;9411033459;S
20240117;095933;6900.500000000;3;9411033460;S
20240117;095933;6900.500000000;3;9411033461;S
20240117;095933;6900.500000000;1;9411033462;S
20240117;095933;6900.500000000;5;9411033463;S
20240117;095933;6900.500000000;1;9411033464;S
20240117;095933;6900.500000000;1;9411033465;S
20240117;095933;6900.500000000;1;9411033466;S
20240117;095933;6900.500000000;4;9411033467;S
20240117;095933;6900.500000000;10;9411033468;S
20240117;095933;6900.500000000;15;9411033469;S
20240117;095933;6900.500000000;1;9411033470;S
20240117;095933;6900.500000000;1;9411033471;S
20240117;095933;6900.500000000;4;9411033472;S
20240117;095933;6900.500000000;2;9411033473;S
20240117;095933;6900.500000000;1;9411033474;S
20240117;095933;6900.500000000;1;9411033475;B
20240117;095933;6900.500000000;2;9411033476;B
20240117;095933;6900.500000000;3;9411033477;B
20240117;095933;6900.500000000;1;9411033478;S
20240117;095933;6900.500000000;6;9411033479;S
20240117;095933;6900.500000000;1;9411033480;S
20240117;095933;6900.500000000;3;9411033481;S
20240117;095933;6900.500000000;1;9411033482;S
20240117;095933;6900.500000000;5;9411033483;S
20240117;095933;6900.500000000;1;9411033484;S
20240117;095933;6900.500000000;10;9411033485;S
20240117;095933;6900.500000000;6;9411033486;S
20240117;095933;6900.500000000;3;9411033487;S
20240117;095933;6900.500000000;10;9411033488;S
20240117;095933;6900.500000000;20;9411033489;S
20240117;095933;6900.500000000;1;9411033490;S
20240117;095933;6900.500000000;1;9411033491;S
20240117;095933;6900.500000000;1;9411033492;S
20240117;095933;6900.500000000;6;9411033493;S
20240117;095933;6900.500000000;1;9411033494;S
20240117;095933;6900.500000000;2;9411033495;S
20240117;095933;6900.500000000;2;9411033496;S
20240117;095933;6900.500000000;9;9411033497;S
20240117;095933;6900.500000000;20;9411033498;S
20240117;095933;6900.500000000;1;9411033499;S
20240117;095933;6900.500000000;4;9411033500;S
20240117;095933;6900.500000000;2;9411033501;S
20240117;095933;6900.500000000;5;9411033502;S
20240117;095933;6900.500000000;6;9411033503;S
20240117;095933;6900.500000000;10;9411033504;B
20240117;095933;6900.500000000;29;9411033505;B
20240117;095933;6900.500000000;3;9411033506;S
20240117;100000;6903.000000000;2;9411040260;B
20240117;100000;6903.000000000;3;9411040261;B
20240117;100000;6906.000000000;1;9411040479;B
20240117;100000;6906.500000000;1;9411040480;B
20240117;100000;6902.000000000;1;9411040486;S
20240117;100000;6901.500000000;1;9411040487;S
20240117;100000;6902.500000000;1;9411040518;S
20240117;100000;6903.500000000;7;9411040530;S
20240117;100000;6902.000000000;10;9411040544;S
20240117;100000;6901.000000000;3;9411040582;S
20240117;100001;6904.500000000;6;9411040685;B
20240117;100001;6903.000000000;1;9411040751;S
20240117;100001;6903.000000000;1;9411040752;S
20240117;100001;6901.500000000;23;9411040753;S
20240117;100001;6904.500000000;4;9411040795;B
20240117;100001;6905.000000000;10;9411040796;B
20240117;100001;6905.000000000;1;9411040797;B
20240117;100001;6905.500000000;21;9411040798;B
20240117;100001;6905.500000000;10;9411040799;B
20240117;100001;6906.000000000;39;9411040800;B
20240117;100001;6906.000000000;3;9411040808;B
20240117;100001;6906.000000000;1;9411040871;B
20240117;100001;6901.500000000;4;9411040890;S
20240117;100001;6906.000000000;1;9411040896;B
20240117;100001;6906.000000000;1;9411040990;B
20240117;100001;6903.000000000;4;9411040998;S
20240117;100001;6904.000000000;1;9411041018;B
20240117;100001;6903.000000000;6;9411041217;S
20240117;100001;6902.500000000;2;9411041218;S
20240117;100001;6901.500000000;17;9411041219;S
20240117;100001;6904.000000000;1;9411041222;B
20240117;100001;6905.000000000;1;9411041225;B
20240117;100001;6906.000000000;5;9411041226;B
20240117;100001;6906.000000000;9;9411041227;B
20240117;100001;6906.000000000;1;9411041254;B
20240117;100001;6906.000000000;2;9411041266;B
20240117;100002;6906.000000000;10;9411041276;B
20240117;100002;6901.500000000;5;9411041277;S
20240117;100002;6906.500000000;14;9411041280;B
20240117;100002;6907.500000000;6;9411041281;B
20240117;100002;6901.500000000;1;9411041282;S
20240117;100002;6907.000000000;10;9411041299;B
20240117;100002;6907.500000000;1;9411041337;B
20240117;100002;6905.500000000;9;9411041359;S
20240117;100002;6907.000000000;2;9411041379;B
20240117;100002;6904.000000000;2;9411041382;S
20240117;100002;6904.000000000;1;9411041385;S
20240117;100002;6906.000000000;1;9411041452;S
20240117;100002;6906.000000000;3;9411041453;S
20240117;100002;6905.000000000;1;9411041454;S
20240117;100002;6904.500000000;5;9411041455;S
20240117;100002;6906.500000000;19;9411041456;B
20240117;100002;6902.000000000;1;9411041458;S
20240117;100002;6901.500000000;5;9411041459;S
20240117;100002;6901.500000000;6;9411041460;S
20240117;100002;6906.500000000;3;9411041461;B
20240117;100002;6906.000000000;4;9411041484;B
20240117;100002;6906.000000000;1;9411041598;B
20240117;100003;6906.000000000;1;9411042239;B
20240117;100003;6902.500000000;29;9411042463;S
20240117;100004;6902.500000000;5;9411043265;S
20240117;100005;6902.500000000;7;9411043948;S
20240117;100005;6902.500000000;20;9411044633;S
20240117;100005;6901.500000000;2;9411045321;S
20240117;100005;6901.500000000;6;9411045395;S
20240117;100006;6901.500000000;3;9411045786;S
20240117;100006;6901.000000000;1;9411045787;S
20240117;100006;6901.000000000;1;9411045788;S
20240117;100006;6901.000000000;10;9411045789;S
20240117;100006;6902.000000000;1;9411046356;B
20240117;100006;6901.500000000;1;9411046368;S
20240117;100006;6902.000000000;8;9411046575;B
20240117;100006;6902.500000000;1;9411046576;B
20240117;100006;6903.500000000;12;9411046577;B
20240117;100007;6901.500000000;10;9411046846;S
20240117;100007;6901.000000000;10;9411046847;S
20240117;100007;6901.000000000;5;9411046848;S
20240117;100007;6901.000000000;15;9411046849;S
20240117;100007;6900.500000000;3;9411046850;S
20240117;100007;6900.500000000;1;9411046851;S
20240117;100007;6900.000000000;1;9411046852;S
20240117;100007;6900.000000000;1;9411046853;S
20240117;100007;6900.000000000;2;9411046854;S
20240117;100007;6900.000000000;2;9411046855;S
20240117;100007;6900.000000000;1;9411046856;S
20240117;100007;6900.000000000;1;9411046857;S
20240117;100007;6900.000000000;1;9411046858;S
20240117;100007;6900.000000000;4;9411046859;S
20240117;100007;6900.000000000;10;9411046860;S
20240117;100007;6900.000000000;1;9411046861;S
20240117;100007;6900.000000000;3;9411046862;S
20240117;100007;6900.000000000;5;9411046863;S
20240117;100007;6900.000000000;1;9411046864;S
20240117;100007;6900.000000000;50;9411046865;S
20240117;100007;6900.000000000;1;9411046866;S
20240117;100007;6900.000000000;1;9411046867;S
20240117;100007;6900.000000000;15;9411046868;S
20240117;100007;6900.000000000;20;9411047014;S
20240117;100007;6900.000000000;6;9411047108;S
20240117;100007;6900.000000000;7;9411047145;S
20240117;100007;6900.000000000;1;9411047154;S
20240117;100007;6900.000000000;10;9411047170;S
20240117;100007;6900.500000000;1;9411047187;S
20240117;100007;6900.000000000;6;9411047188;S
20240117;100007;6900.000000000;1;9411047189;S
20240117;100007;6903.000000000;3;9411047191;B
20240117;100007;6903.500000000;1;9411047198;B
20240117;100007;6902.000000000;2;9411047200;S
20240117;100007;6901.000000000;1;9411047201;S
20240117;100007;6903.500000000;5;9411047202;B
20240117;100007;6900.000000000;1;9411047205;S
20240117;100007;6900.000000000;3;9411047211;S
20240117;100007;6903.000000000;1;9411047213;S
20240117;100007;6903.500000000;1;9411047217;B
20240117;100007;6903.000000000;1;9411047218;S
20240117;100007;6903.000000000;1;9411047219;S
20240117;100007;6903.500000000;15;9411047220;B
20240117;100007;6903.500000000;1;9411047221;B
20240117;100007;6903.500000000;1;9411047222;B
20240117;100007;6900.500000000;15;9411047229;S
20240117;100007;6900.000000000;30;9411047230;S
20240117;100007;6900.000000000;1;9411047231;S
20240117;100007;6900.000000000;2;9411047232;S
20240117;100007;6900.000000000;5;9411047233;S
20240117;100007;6900.000000000;6;9411047234;S
20240117;100007;6900.000000000;1;9411047235;S
20240117;100007;6900.000000000;5;9411047236;S
20240117;100007;6900.000000000;1;9411047237;S
20240117;100007;6900.000000000;1;9411047238;S
20240117;100007;6900.000000000;1;9411047239;S
20240117;100007;6900.000000000;1;9411047240;S
20240117;100007;6900.000000000;5;9411047241;S
20240117;100007;6900.000000000;13;9411047242;S
20240117;100007;6900.500000000;11;9411047243;S
20240117;100007;6900.500000000;14;9411047245;S
20240117;100007;6904.000000000;3;9411047249;B
20240117;100007;6904.000000000;1;9411047251;B
20240117;100007;6900.000000000;1;9411047259;S
20240117;100007;6901.000000000;1;9411047261;S
20240117;100007;6900.000000000;1;9411047262;S
20240117;100007;6904.000000000;1;9411047264;B
20240117;100007;6904.000000000;1;9411047265;B
20240117;100007;6904.000000000;1;9411047266;B
20240117;100007;6900.000000000;5;9411047268;S
20240117;100007;6900.000000000;2;9411047270;S
20240117;100007;6900.000000000;50;9411047283;S
20240117;100007;6900.000000000;20;9411047285;S
20240117;100007;6900.000000000;8;9411047305;S
20240117;100007;6900.000000000;1;9411047306;S
20240117;100007;6900.000000000;1;9411047307;S
20240117;100007;6900.000000000;15;9411047308;S
20240117;100007;6900.000000000;20;9411047309;S
20240117;100007;6900.000000000;30;9411047397;S
20240117;100007;6900.000000000;8;9411047398;S
20240117;100007;6900.000000000;1;9411047399;S
20240117;100007;6900.000000000;1;9411047400;S
20240117;100007;6900.000000000;50;9411047401;S
20240117;100007;6900.000000000;1;9411047402;S
20240117;100007;6900.000000000;1;9411047403;S
20240117;100007;6900.000000000;1;9411047404;S
20240117;100007;6900.000000000;5;9411047405;S
20240117;100007;6900.000000000;2;9411047406;S
20240117;100007;6900.000000000;2;9411047418;S
20240117;100007;6900.000000000;2;9411047419;S
20240117;100007;6900.000000000;5;9411047420;S
20240117;100007;6900.000000000;1;9411047421;S
20240117;100007;6900.000000000;2;9411047422;S
20240117;100007;6900.000000000;3;9411047424;S
20240117;100007;6900.000000000;10;9411047436;S
20240117;100008;6900.500000000;1;9411047479;S
20240117;100008;6900.000000000;1;9411047500;S
20240117;100008;6900.000000000;1;9411047502;S
20240117;100008;6900.000000000;5;9411047503;S
20240117;100008;6900.000000000;1;9411047504;S
20240117;100008;6900.000000000;3;9411047505;S
20240117;100008;6900.000000000;6;9411047515;S
20240117;100008;6900.000000000;3;9411047516;S
20240117;100008;6900.000000000;1;9411047517;S
20240117;100008;6900.000000000;1;9411047518;S
20240117;100008;6900.000000000;3;9411047519;S
20240117;100008;6900.500000000;50;9411047528;B
20240117;100008;6900.000000000;1;9411047530;S
20240117;100008;6900.500000000;88;9411047552;B
20240117;100008;6901.000000000;20;9411047553;B
20240117;100008;6901.500000000;142;9411047554;B
20240117;100008;6901.000000000;1;9411047557;B
20240117;100008;6900.500000000;2;9411047564;S
20240117;100008;6907.000000000;5;9411047597;B
20240117;100008;6904.500000000;1;9411047598;B
20240117;100008;6900.000000000;2;9411047614;S
20240117;100008;6900.500000000;1;9411047615;S
20240117;100008;6900.500000000;1;9411047617;S
20240117;100008;6900.500000000;1;9411047618;S
20240117;100008;6901.000000000;1;9411047627;S
20240117;100008;6901.000000000;7;9411047628;S
20240117;100008;6900.000000000;3;9411047629;S
20240117;100008;6900.000000000;1;9411047631;S
20240117;100008;6900.000000000;1;9411047636;S
20240117;100008;6905.000000000;1;9411047637;B
20240117;100008;6900.000000000;1;9411047644;S
20240117;100008;6900.000000000;2;9411047645;S
20240117;100008;6900.000000000;1;9411047646;S
20240117;100008;6900.000000000;1;9411047650;S
20240117;100008;6900.000000000;1;9411047657;S
20240117;100008;6900.000000000;1;9411047658;S
20240117;100008;6900.000000000;5;9411047663;S
20240117;100008;6900.000000000;1;9411047664;S
20240117;100008;6900.000000000;1;9411047676;S
20240117;100008;6900.000000000;1;9411047677;S
20240117;100008;6900.000000000;7;9411047681;S
20240117;100008;6900.000000000;1;9411047682;S
20240117;100008;6900.000000000;1;9411047686;S
20240117;100008;6900.000000000;10;9411047693;S
20240117;100008;6900.000000000;1;9411047694;S
20240117;100008;6900.000000000;1;9411047695;S
20240117;100008;6900.000000000;3;9411047696;S
20240117;100008;6900.000000000;20;9411047697;S
20240117;100008;6900.000000000;1;9411047698;S
20240117;100008;6900.000000000;2;9411047699;S
20240117;100008;6900.000000000;1;9411047700;S
20240117;100008;6900.000000000;1;9411047714;S
20240117;100008;6900.000000000;1;9411047715;S
20240117;100008;6900.000000000;1;9411047716;S
20240117;100008;6900.000000000;1;9411047717;S
20240117;100008;6900.000000000;1;9411047718;S
20240117;100008;6900.000000000;3;9411047719;S
20240117;100008;6900.000000000;1;9411047720;S
20240117;100008;6900.000000000;1;9411047721;S
20240117;100008;6900.000000000;18;9411047723;S
20240117;100008;6900.000000000;12;9411047724;S
20240117;100008;6900.000000000;1;9411047733;S
20240117;100008;6900.000000000;1;9411047776;S
20240117;100008;6900.000000000;2;9411047777;S
20240117;100008;6900.000000000;1;9411047778;S
20240117;100008;6900.000000000;1;9411047779;S
20240117;100008;6900.000000000;1;9411047780;S
20240117;100008;6900.000000000;1;9411047784;S
20240117;100008;6900.000000000;1;9411047785;S
20240117;100008;6900.000000000;1;9411047786;S
20240117;100008;6900.000000000;1;9411047787;S
20240117;100008;6900.000000000;2;9411047788;S
20240117;100008;6900.000000000;1;9411047789;S
20240117;100008;6900.000000000;1;9411047790;S
20240117;100008;6900.000000000;1;9411047791;S
20240117;100008;6900.000000000;3;9411047792;S
20240117;100008;6900.000000000;1;9411047793;S
20240117;100008;6900.000000000;1;9411047794;S
20240117;100008;6900.000000000;2;9411047795;S
20240117;100008;6900.000000000;2;9411047796;S
20240117;100008;6900.000000000;1;9411047797;S
20240117;100008;6900.000000000;1;9411047798;S
20240117;100008;6900.000000000;10;9411047799;S
20240117;100008;6900.000000000;1;9411047800;S
20240117;100008;6900.000000000;3;9411047801;S
20240117;100008;6900.000000000;1;9411047802;S
20240117;100008;6900.000000000;1;9411047803;S
20240117;100008;6900.000000000;1;9411047804;S
20240117;100008;6900.000000000;2;9411047805;S
20240117;100008;6900.000000000;1;9411047806;S
20240117;100008;6900.000000000;1;9411047807;S
20240117;100008;6900.000000000;1;9411047808;S
20240117;100008;6900.000000000;10;9411047809;S
20240117;100008;6900.000000000;1;9411047810;S
20240117;100008;6900.000000000;1;9411047811;S
20240117;100008;6900.000000000;10;9411047812;S
20240117;100008;6900.000000000;1;9411047813;S
20240117;100008;6900.000000000;9;9411047814;S
20240117;100008;6900.000000000;1;9411047815;S
20240117;100008;6900.000000000;1;9411047816;S
20240117;100008;6900.000000000;1;9411047817;S
20240117;100008;6900.000000000;11;9411047818;S
20240117;100008;6900.000000000;1;9411047819;S
20240117;100008;6900.000000000;2;9411047820;S
20240117;100008;6900.000000000;1;9411047821;S
20240117;100008;6900.000000000;1;9411047822;S
20240117;100008;6900.000000000;1;9411047823;S
20240117;100008;6900.000000000;1;9411047824;S
20240117;100008;6900.000000000;9;9411047825;S
20240117;100008;6900.000000000;1;9411047826;S
20240117;100008;6899.500000000;6;9411047827;S
20240117;100008;6899.000000000;1;9411047828;S
20240117;100008;6899.000000000;1;9411047829;S
20240117;100008;6899.000000000;6;9411047830;S
20240117;100008;6899.000000000;10;9411047831;S
20240117;100008;6899.000000000;1;9411047832;S
20240117;100008;6899.000000000;1;9411047833;S
20240117;100008;6899.000000000;1;9411047834;S
20240117;100008;6898.500000000;6;9411047835;S
20240117;100008;6898.000000000;5;9411047836;S
20240117;100008;6898.000000000;6;9411047837;S
20240117;100008;6898.000000000;11;9411047838;S
20240117;100008;6897.500000000;6;9411047839;S
20240117;100008;6897.000000000;6;9411047840;S
20240117;100008;6896.500000000;6;9411047841;S
20240117;100008;6896.000000000;6;9411047842;S
20240117;100008;6895.500000000;6;9411047843;S
20240117;100008;6895.500000000;11;9411047844;S
20240117;100008;6895.000000000;4;9411047845;S
20240117;100008;6900.500000000;3;9411047846;B
20240117;100008;6895.000000000;1;9411047849;S
20240117;100008;6895.000000000;1;9411047850;S
20240117;100008;6895.000000000;2;9411047851;S
20240117;100008;6895.000000000;38;9411047852;S
20240117;100008;6900.000000000;7;9411047853;S
20240117;100008;6894.500000000;6;9411047854;S
20240117;100008;6894.000000000;5;9411047855;S
20240117;100008;6894.000000000;1;9411047856;S
20240117;100008;6894.000000000;3;9411047857;S
20240117;100008;6894.000000000;6;9411047858;S
20240117;100008;6893.500000000;6;9411047859;S
20240117;100008;6893.000000000;4;9411047860;S
20240117;100008;6893.000000000;10;9411047861;S
20240117;100008;6893.000000000;20;9411047862;S
20240117;100008;6893.000000000;6;9411047863;S
20240117;100008;6893.000000000;4;9411047864;S
20240117;100008;6893.000000000;20;9411047865;S
20240117;100008;6892.500000000;6;9411047866;S
20240117;100008;6892.500000000;45;9411047867;S
20240117;100008;6899.500000000;1;9411047869;B
20240117;100008;6900.000000000;5;9411047875;B
20240117;100008;6892.000000000;1;9411047878;S
20240117;100008;6892.000000000;1;9411047883;S
20240117;100008;6893.500000000;1;9411047885;B
20240117;100008;6893.500000000;2;9411047895;B
20240117;100008;6893.500000000;1;9411047900;B
20240117;100008;6893.500000000;3;9411047910;B
20240117;100008;6893.500000000;1;9411047911;B
20240117;100008;6893.500000000;1;9411047912;B
20240117;100008;6892.000000000;4;9411047914;S
20240117;100008;6892.000000000;7;9411047915;S
20240117;100008;6893.500000000;1;9411047916;B
20240117;100008;6898.000000000;9;9411047917;B
20240117;100008;6898.000000000;1;9411047926;B
20240117;100008;6892.000000000;10;9411047927;S
20240117;100008;6891.500000000;6;9411047928;S
20240117;100008;6891.000000000;1;9411047929;S
20240117;100008;6898.000000000;1;9411047930;B
20240117;100008;6891.000000000;1;9411047931;S
20240117;100008;6891.500000000;1;9411047932;S
20240117;100008;6891.000000000;7;9411047933;S
20240117;100008;6899.000000000;1;9411047934;B
20240117;100008;6898.500000000;1;9411047935;B
20240117;100008;6898.500000000;1;9411047937;B
20240117;100008;6891.500000000;1;9411047949;S
20240117;100008;6898.500000000;5;9411047950;B
20240117;100008;6898.500000000;1;9411047951;B
20240117;100008;6891.500000000;5;9411047952;S
20240117;100008;6898.500000000;1;9411047954;B
20240117;100008;6898.500000000;5;9411047957;B
20240117;100008;6891.500000000;1;9411047959;S
20240117;100008;6891.500000000;1;9411047962;S
20240117;100008;6898.500000000;3;9411047963;B
20240117;100008;6898.500000000;1;9411047966;B
20240117;100008;6898.500000000;2;9411047975;B
20240117;100008;6891.500000000;1;9411047977;S
20240117;100008;6891.500000000;12;9411047978;S
20240117;100008;6891.000000000;3;9411047979;S
20240117;100008;6891.000000000;1;9411047980;S
20240117;100008;6898.500000000;3;9411047984;B
20240117;100008;6898.500000000;10;9411047986;B
20240117;100008;6898.500000000;1;9411047995;B
20240117;100008;6898.500000000;5;9411047998;B
20240117;100009;6891.500000000;4;9411047999;S
20240117;100009;6898.500000000;1;9411048008;B
20240117;100009;6898.500000000;1;9411048012;B
20240117;100009;6899.000000000;1;9411048024;B
20240117;100009;6899.000000000;1;9411048029;B
20240117;100009;6896.500000000;1;9411048030;S
20240117;100009;6891.500000000;4;9411048031;S
20240117;100009;6898.500000000;1;9411048032;B
20240117;100009;6895.000000000;2;9411048037;S
20240117;100009;6891.500000000;1;9411048038;S
20240117;100009;6891.500000000;2;9411048062;S
20240117;100009;6891.500000000;3;9411048063;S
20240117;100009;6898.500000000;1;9411048067;B
20240117;100009;6898.500000000;1;9411048069;B
20240117;100009;6898.500000000;1;9411048073;B
20240117;100009;6891.500000000;2;9411048074;S
20240117;100009;6898.500000000;5;9411048081;B
20240117;100009;6893.000000000;8;9411048094;S
20240117;100009;6892.500000000;20;9411048095;S
20240117;100009;6891.500000000;4;9411048111;S
20240117;100009;6898.500000000;10;9411048112;B
20240117;100009;6891.500000000;10;9411048113;S
20240117;100009;6898.500000000;1;9411048114;B
20240117;100009;6891.500000000;1;9411048122;S
20240117;100009;6891.500000000;2;9411048124;S
20240117;100009;6892.000000000;1;9411048138;S
20240117;100009;6891.500000000;3;9411048139;S
20240117;100009;6891.500000000;7;9411048140;S
20240117;100009;6891.000000000;18;9411048141;S
20240117;100009;6898.500000000;1;9411048142;B
20240117;100009;6899.000000000;1;9411048145;B
20240117;100009;6894.500000000;5;9411048158;S
20240117;100009;6899.000000000;3;9411048159;B
20240117;100009;6894.500000000;5;9411048164;S
20240117;100009;6892.500000000;1;9411048165;S
20240117;100009;6891.500000000;1;9411048166;S
20240117;100009;6891.500000000;4;9411048167;S
20240117;100009;6891.500000000;9;9411048168;S
20240117;100009;6894.000000000;1;9411048191;S
20240117;100009;6891.500000000;4;9411048192;S
20240117;100009;6895.500000000;2;9411048193;B
20240117;100009;6891.000000000;6;9411048197;S
20240117;100009;6895.500000000;1;9411048201;B
20240117;100009;6892.000000000;1;9411048211;S
20240117;100009;6891.000000000;9;9411048212;S
20240117;100009;6895.500000000;1;9411048213;B
20240117;100009;6895.500000000;5;9411048218;B
20240117;100009;6893.000000000;1;9411048227;S
20240117;100009;6895.500000000;1;9411048231;B
20240117;100009;6897.000000000;3;9411048232;B
20240117;100009;6897.000000000;1;9411048242;B
20240117;100009;6897.000000000;1;9411048243;B
20240117;100009;6897.000000000;1;9411048245;B
20240117;100010;6897.000000000;5;9411048276;B
20240117;100010;6897.000000000;3;9411048336;B
20240117;100010;6897.500000000;1;9411048414;B
20240117;100010;6897.500000000;2;9411048415;B
20240117;100010;6897.500000000;20;9411048416;B
20240117;100010;6897.500000000;1;9411048440;B
20240117;100010;6894.000000000;6;9411048453;S
20240117;100010;6893.000000000;14;9411048460;S
20240117;100010;6897.500000000;5;9411048495;B
20240117;100010;6898.000000000;10;9411048496;B
20240117;100010;6893.500000000;14;9411048500;S
20240117;100010;6893.000000000;36;9411048501;S
20240117;100010;6898.500000000;1;9411048505;S
20240117;100010;6899.000000000;2;9411048511;B
20240117;100010;6896.000000000;2;9411048578;S
20240117;100010;6896.000000000;1;9411048706;S
20240117;100011;6896.000000000;25;9411048879;S
20240117;100011;6896.000000000;2;9411049151;S
20240117;100011;6894.500000000;4;9411049152;S
20240117;100012;6899.500000000;3;9411049188;B
20240117;100012;6899.500000000;1;9411049189;B
20240117;100012;6894.500000000;7;9411049203;S
20240117;100012;6894.000000000;16;9411049204;S
20240117;100012;6894.000000000;54;9411049223;S
20240117;100012;6899.000000000;1;9411049265;B
20240117;100012;6898.500000000;10;9411049357;B
20240117;100012;6893.500000000;10;9411049432;S
20240117;100012;6893.500000000;5;9411049433;S
20240117;100013;6892.500000000;1;9411049541;S
20240117;100013;6892.500000000;5;9411049542;S
20240117;100013;6892.000000000;1;9411049579;S
20240117;100013;6891.500000000;1;9411049580;S
20240117;100013;6896.500000000;1;9411049639;B
20240117;100013;6896.500000000;3;9411049673;B
20240117;100015;6891.500000000;6;9411050064;S
20240117;100015;6891.500000000;4;9411050136;S
20240117;100015;6891.000000000;6;9411050137;S
20240117;100015;6894.000000000;3;9411050139;B
20240117;100016;6891.000000000;28;9411050462;S
20240117;100016;6891.000000000;20;9411050466;S
20240117;100016;6891.000000000;20;9411050467;S
20240117;100017;6891.000000000;6;9411050559;S
20240117;100017;6891.000000000;14;9411050568;S
20240117;100018;6891.000000000;60;9411050758;S
20240117;100018;6891.000000000;6;9411050759;S
20240117;100018;6891.000000000;20;9411050760;S
20240117;100018;6891.500000000;1;9411050816;S
20240117;100018;6891.500000000;4;9411050853;S
20240117;100018;6891.000000000;40;9411050854;S
20240117;100018;6890.500000000;6;9411050855;S
20240117;100018;6890.500000000;5;9411050856;S
20240117;100018;6890.000000000;1;9411050857;S
20240117;100018;6890.000000000;10;9411050858;S
20240117;100018;6890.000000000;1;9411050859;S
20240117;100018;6890.000000000;1;9411050860;S
20240117;100018;6890.000000000;5;9411050861;S
20240117;100018;6890.000000000;6;9411050862;S
20240117;100018;6890.000000000;5;9411050863;S
20240117;100018;6890.000000000;1;9411050864;S
20240117;100018;6889.500000000;6;9411050865;S
20240117;100018;6889.500000000;9;9411050866;S
20240117;100018;6889.000000000;20;9411050872;S
20240117;100018;6889.000000000;6;9411050873;S
20240117;100018;6888.500000000;6;9411050874;S
20240117;100018;6888.500000000;1;9411050875;S
20240117;100018;6888.000000000;1;9411050876;S
20240117;100018;6888.000000000;3;9411050877;S
20240117;100018;6888.000000000;1;9411050878;S
20240117;100018;6888.000000000;6;9411050879;S
20240117;100018;6888.000000000;1;9411050880;S
20240117;100018;6888.000000000;20;9411050881;S
20240117;100018;6888.000000000;5;9411050882;S
20240117;100018;6888.000000000;35;9411050883;S
20240117;100018;6887.500000000;5;9411050884;S
20240117;100018;6887.500000000;4;9411050885;S
20240117;100018;6887.500000000;2;9411050896;S
20240117;100018;6887.000000000;6;9411050897;S
20240117;100018;6887.000000000;4;9411050898;S
20240117;100018;6886.500000000;2;9411050899;S
20240117;100019;6886.500000000;4;9411050921;S
20240117;100019;6886.000000000;6;9411050922;S
20240117;100019;6886.000000000;15;9411050923;S
20240117;100019;6886.000000000;1;9411050924;S
20240117;100019;6885.500000000;4;9411050925;S
20240117;100019;6888.000000000;2;9411050929;S
20240117;100019;6885.500000000;2;9411050930;S
20240117;100019;6885.000000000;1;9411050931;S
20240117;100019;6890.000000000;2;9411050934;S
20240117;100019;6885.500000000;18;9411050935;S
20240117;100019;6890.000000000;2;9411050936;B
20240117;100019;6885.000000000;1;9411050939;S
20240117;100019;6885.000000000;1;9411050940;S
20240117;100019;6885.000000000;6;9411050941;S
20240117;100019;6885.000000000;10;9411050943;S
20240117;100019;6885.000000000;20;9411050944;S
20240117;100019;6884.500000000;6;9411050945;S
20240117;100019;6884.500000000;11;9411050946;S
20240117;100019;6884.000000000;6;9411050947;S
20240117;100019;6883.500000000;6;9411050948;S
20240117;100019;6883.500000000;20;9411050949;S
20240117;100019;6883.500000000;1;9411050950;S
20240117;100019;6883.500000000;3;9411050951;S
20240117;100019;6883.500000000;40;9411050952;S
20240117;100019;6883.000000000;6;9411050953;S
20240117;100019;6882.500000000;3;9411050954;S
20240117;100019;6885.500000000;1;9411050955;S
20240117;100019;6883.000000000;6;9411050956;S
20240117;100019;6891.500000000;1;9411050968;B
20240117;100019;6890.000000000;1;9411050992;S
20240117;100019;6890.000000000;5;9411050993;S
20240117;100019;6890.000000000;1;9411051034;S
20240117;100019;6890.000000000;1;9411051059;S
20240117;100019;6890.000000000;13;9411051061;S
20240117;100019;6890.000000000;10;9411051062;S
20240117;100019;6890.000000000;13;9411051063;S
20240117;100019;6890.000000000;1;9411051065;S
20240117;100019;6890.000000000;14;9411051066;S
20240117;100019;6890.000000000;20;9411051072;S
20240117;100019;6890.000000000;20;9411051106;S
20240117;100020;6890.000000000;2;9411051132;S
20240117;100020;6890.000000000;10;9411051139;S
20240117;100020;6890.000000000;2;9411051199;S
20240117;100021;6890.000000000;6;9411051396;S
20240117;100021;6890.000000000;2;9411051454;S
20240117;100021;6891.500000000;1;9411051458;B
20240117;100021;6890.000000000;25;9411051476;S
20240117;100023;6890.000000000;25;9411051921;S
20240117;100024;6890.000000000;1;9411052051;S
20240117;100024;6890.000000000;1;9411052149;S
20240117;100024;6890.000000000;2;9411052238;S
20240117;100025;6890.000000000;34;9411052557;S
20240117;100025;6890.000000000;5;9411052558;S
20240117;100025;6890.000000000;3;9411052559;S
20240117;100025;6890.000000000;3;9411052560;S
20240117;100025;6890.000000000;1;9411052561;S
20240117;100025;6890.000000000;144;9411052562;S
20240117;100025;6889.000000000;1;9411052563;S
20240117;100025;6889.000000000;2;9411052564;S
20240117;100025;6888.500000000;1;9411052565;S
20240117;100025;6888.000000000;1;9411052566;S
20240117;100025;6888.000000000;1;9411052567;S
20240117;100025;6886.000000000;1;9411052568;S
20240117;100025;6886.000000000;3;9411052569;S
20240117;100025;6890.000000000;3;9411052650;B
20240117;100026;6890.000000000;1;9411052789;B
20240117;100026;6890.000000000;1;9411052902;B
20240117;100026;6890.000000000;1;9411052927;B
20240117;100027;6890.000000000;2;9411053093;B
20240117;100027;6890.500000000;8;9411053094;B
20240117;100027;6891.000000000;2;9411053114;B
20240117;100028;6886.500000000;1;9411053336;S
20240117;100029;6888.000000000;5;9411053757;B
20240117;100030;6890.000000000;4;9411053869;S
20240117;100030;6890.000000000;2;9411054124;S
20240117;100032;6890.500000000;1;9411054638;S
20240117;100032;6890.000000000;1;9411054639;S
20240117;100037;6893.500000000;10;9411055762;B
20240117;100037;6893.500000000;10;9411055766;B
20240117;100037;6891.000000000;1;9411055875;S
20240117;100038;6891.500000000;1;9411055918;B
20240117;100038;6890.500000000;6;9411056066;S
20240117;100038;6891.500000000;10;9411056090;B
20240117;100038;6892.000000000;4;9411056091;B
20240117;100038;6892.000000000;1;9411056092;B
20240117;100038;6893.500000000;10;9411056096;B
20240117;100040;6893.500000000;1;9411056835;B
20240117;100041;6891.000000000;5;9411057192;S
20240117;100041;6890.500000000;5;9411057193;S
20240117;100041;6890.500000000;2;9411057209;S
20240117;100042;6890.500000000;1;9411057499;S
20240117;100043;6890.500000000;1;9411057664;S
20240117;100044;6890.500000000;7;9411057773;S
20240117;100044;6893.500000000;1;9411057774;B
20240117;100044;6890.500000000;5;9411057800;S
20240117;100044;6893.500000000;1;9411057808;B
20240117;100045;6893.500000000;4;9411058224;B
20240117;100045;6890.500000000;1;9411058284;S
20240117;100046;6890.500000000;1;9411058579;S
20240117;100046;6890.500000000;1;9411058588;S
20240117;100047;6893.500000000;8;9411058769;B
20240117;100048;6890.500000000;9;9411058962;S
20240117;100048;6890.500000000;5;9411058977;S
20240117;100049;6893.500000000;5;9411059052;B
20240117;100049;6893.500000000;1;9411059061;B
20240117;100050;6890.500000000;1;9411059341;S
20240117;100051;6893.500000000;1;9411059470;B
20240117;100051;6893.500000000;1;9411059471;B
20240117;100052;6893.500000000;56;9411059712;B
20240117;100052;6893.500000000;1;9411059713;B
20240117;100052;6893.500000000;17;9411059714;B
20240117;100054;6893.500000000;25;9411060153;B
20240117;100054;6890.500000000;9;9411060160;S
20240117;100054;6890.500000000;1;9411060161;S
20240117;100054;6890.000000000;41;9411060162;S
20240117;100054;6890.500000000;2;9411060288;S
20240117;100055;6893.500000000;5;9411060319;B
20240117;100056;6890.500000000;3;9411060622;S
20240117;100056;6893.000000000;10;9411060653;B
20240117;100056;6890.500000000;5;9411060728;S
20240117;100057;6890.500000000;1;9411060739;S
20240117;100057;6890.500000000;10;9411060883;S
20240117;100057;6890.500000000;2;9411060909;S
20240117;100058;6893.000000000;1;9411060958;B
20240117;100058;6893.500000000;4;9411060959;B
20240117;100058;6892.000000000;1;9411060960;S
20240117;100058;6890.500000000;14;9411060961;S
20240117;100058;6893.000000000;11;9411060984;B
20240117;100058;6893.500000000;49;9411060985;B
20240117;100058;6893.500000000;20;9411060986;B
20240117;100058;6893.500000000;6;9411060987;B
20240117;100058;6895.000000000;20;9411060988;B
20240117;100058;6895.500000000;11;9411060989;B
20240117;100058;6896.000000000;72;9411060990;B
20240117;100058;6896.500000000;20;9411060991;B
20240117;100058;6897.000000000;11;9411060992;B
20240117;100058;6898.000000000;20;9411060993;B
20240117;100058;6898.000000000;37;9411060994;B
20240117;100059;6890.500000000;15;9411061179;S
20240117;100059;6890.500000000;2;9411061298;S
20240117;100059;6890.000000000;5;9411061299;S
20240117;100100;6890.500000000;1;9411061611;B
20240117;100101;6890.500000000;1;9411061678;B
20240117;100101;6890.000000000;10;9411061682;S
20240117;100102;6890.500000000;10;9411061911;B
20240117;100102;6890.500000000;1;9411061981;B
20240117;100102;6890.500000000;2;9411062073;B
20240117;100103;6890.500000000;3;9411062133;S
20240117;100103;6890.000000000;32;9411062134;S
20240117;100103;6890.000000000;10;9411062135;S
20240117;100103;6890.000000000;1;9411062136;S
20240117;100103;6890.000000000;1;9411062137;S
20240117;100103;6890.000000000;100;9411062138;S
20240117;100103;6890.000000000;4;9411062139;S
20240117;100103;6890.000000000;1;9411062140;S
20240117;100103;6890.000000000;10;9411062141;S
20240117;100103;6890.000000000;1;9411062142;S
20240117;100103;6890.000000000;1;9411062143;S
20240117;100103;6890.000000000;2;9411062144;S
20240117;100103;6890.000000000;3;9411062145;S
20240117;100103;6890.000000000;1;9411062146;S
20240117;100103;6890.000000000;1;9411062147;S
20240117;100103;6888.500000000;1;9411062148;S
20240117;100103;6886.000000000;10;9411062149;S
20240117;100103;6886.000000000;5;9411062150;S
20240117;100103;6886.000000000;13;9411062151;S
20240117;100103;6885.000000000;2;9411062154;S
20240117;100103;6892.500000000;2;9411062165;B
20240117;100103;6890.000000000;1;9411062208;S
20240117;100107;6888.500000000;1;9411063062;B
20240117;100108;6888.000000000;1;9411063262;S
20240117;100108;6885.000000000;1;9411063263;S
20240117;100109;6885.000000000;1;9411063287;S
20240117;100109;6885.000000000;2;9411063288;S
20240117;100109;6885.000000000;1;9411063289;S
20240117;100109;6885.000000000;3;9411063290;S
20240117;100109;6885.000000000;2;9411063292;S
20240117;100109;6884.500000000;1;9411063293;S
20240117;100109;6884.500000000;2;9411063294;S
20240117;100109;6884.500000000;3;9411063295;S
20240117;100109;6884.000000000;2;9411063296;S
20240117;100109;6884.000000000;3;9411063297;S
20240117;100109;6884.000000000;1;9411063298;S
20240117;100109;6884.000000000;1;9411063299;S
20240117;100109;6884.000000000;2;9411063300;S
20240117;100109;6884.000000000;1;9411063301;S
20240117;100109;6884.000000000;2;9411063302;S
20240117;100109;6884.000000000;1;9411063304;S
20240117;100109;6884.000000000;11;9411063305;S
20240117;100109;6884.000000000;1;9411063306;S
20240117;100109;6883.500000000;2;9411063307;S
20240117;100109;6883.500000000;1;9411063308;S
20240117;100109;6883.500000000;1;9411063310;S
20240117;100109;6883.500000000;1;9411063311;S
20240117;100110;6888.500000000;1;9411063612;B
20240117;100111;6888.500000000;10;9411063837;B
20240117;100114;6886.000000000;6;9411064393;S
20240117;100115;6888.000000000;1;9411064463;B
20240117;100115;6888.000000000;14;9411064524;B
20240117;100115;6888.500000000;100;9411064525;B
20240117;100115;6888.500000000;4;9411064526;B
20240117;100115;6889.500000000;70;9411064527;B
20240117;100115;6889.500000000;1;9411064528;B
20240117;100115;6890.000000000;91;9411064529;B
20240117;100115;6890.000000000;70;9411064530;B
20240117;100115;6890.000000000;25;9411064531;B
20240117;100115;6890.500000000;20;9411064532;B
20240117;100115;6891.000000000;11;9411064533;B
20240117;100115;6891.500000000;72;9411064534;B
20240117;100115;6892.500000000;20;9411064535;B
20240117;100115;6893.000000000;11;9411064536;B
20240117;100115;6893.500000000;7;9411064537;B
20240117;100115;6893.500000000;1;9411064538;B
20240117;100115;6893.500000000;20;9411064539;B
20240117;100115;6893.500000000;5;9411064540;B
20240117;100115;6893.500000000;13;9411064541;B
20240117;100115;6895.000000000;20;9411064542;B
20240117;100115;6896.000000000;20;9411064543;B
20240117;100115;6896.000000000;11;9411064544;B
20240117;100115;6898.000000000;2;9411064545;B
20240117;100115;6898.000000000;20;9411064546;B
20240117;100115;6898.500000000;1;9411064547;B
20240117;100115;6898.500000000;40;9411064548;B
20240117;100115;6899.000000000;1;9411064549;B
20240117;100115;6900.000000000;1;9411064550;B
20240117;100115;6900.000000000;14;9411064551;B
20240117;100115;6900.000000000;4;9411064552;B
20240117;100115;6900.000000000;3;9411064553;B
20240117;100115;6900.000000000;10;9411064554;B
20240117;100115;6900.000000000;1;9411064555;B
20240117;100115;6900.000000000;2;9411064556;B
20240117;100115;6900.000000000;5;9411064557;B
20240117;100115;6900.000000000;50;9411064558;B
20240117;100115;6900.000000000;14;9411064559;B
20240117;100115;6900.000000000;1;9411064560;B
20240117;100115;6900.000000000;1;9411064561;B
20240117;100115;6900.000000000;3;9411064562;B
20240117;100115;6900.000000000;50;9411064563;B
20240117;100115;6900.000000000;14;9411064564;B
20240117;100115;6900.000000000;20;9411064565;S
20240117;100115;6900.000000000;2;9411064566;S
20240117;100115;6900.000000000;8;9411064567;S
20240117;100115;6900.000000000;4;9411064568;S
20240117;100115;6900.000000000;30;9411064569;S
20240117;100115;6900.000000000;8;9411064572;S
20240117;100115;6900.000000000;26;9411064573;S
20240117;100115;6900.000000000;10;9411064574;S
20240117;100115;6900.000000000;2;9411064575;S
20240117;100116;6900.000000000;5;9411064830;S
20240117;100116;6900.000000000;42;9411064838;S
20240117;100116;6896.000000000;8;9411064839;S
20240117;100118;6899.500000000;3;9411064976;B
20240117;100118;6899.500000000;12;9411065013;B
20240117;100118;6899.500000000;3;9411065014;B
20240117;100118;6894.500000000;3;9411065032;S
20240117;100118;6893.500000000;4;9411065033;S
20240117;100118;6894.000000000;10;9411065195;S
20240117;100124;6891.500000000;5;9411066331;S
20240117;100132;6894.000000000;7;9411067945;B
20240117;100132;6896.000000000;11;9411067946;B
20240117;100132;6897.500000000;42;9411067947;B
20240117;100132;6897.500000000;15;9411067948;B
20240117;100132;6897.500000000;1;9411067949;B
20240117;100132;6897.500000000;42;9411067950;B
20240117;100132;6898.000000000;1;9411067951;B
20240117;100132;6898.000000000;41;9411067952;B
20240117;100133;6897.500000000;11;9411068034;B
20240117;100133;6898.000000000;1;9411068035;B
20240117;100133;6898.500000000;1;9411068036;B
20240117;100133;6898.500000000;15;9411068037;B
20240117;100133;6899.000000000;10;9411068038;B
20240117;100133;6899.500000000;72;9411068039;B
20240117;100133;6900.000000000;50;9411068040;B
20240117;100133;6900.000000000;10;9411068041;B
20240117;100133;6900.000000000;11;9411068042;B
20240117;100133;6900.500000000;15;9411068043;B
20240117;100133;6901.000000000;1;9411068137;B
20240117;100134;6901.000000000;1;9411068383;B
20240117;100134;6901.000000000;1;9411068397;B
20240117;100135;6900.500000000;5;9411068419;S
20240117;100135;6900.500000000;2;9411068420;S
20240117;100135;6901.000000000;1;9411068429;B
20240117;100135;6901.000000000;5;9411068560;B
20240117;100136;6900.500000000;5;9411068620;S
20240117;100136;6900.500000000;5;9411068621;S
20240117;100136;6900.500000000;5;9411068622;S
20240117;100136;6900.500000000;10;9411068691;S
20240117;100138;6900.500000000;2;9411068906;S
20240117;100138;6900.500000000;1;9411068907;S
20240117;100138;6901.000000000;1;9411068930;B
20240117;100138;6901.000000000;1;9411068931;B
20240117;100138;6903.500000000;6;9411068932;B
20240117;100138;6904.000000000;2;9411068933;B
20240117;100140;6901.000000000;2;9411069203;B
20240117;100140;6901.000000000;1;9411069204;S
20240117;100140;6900.500000000;19;9411069205;S
20240117;100140;6900.500000000;5;9411069206;S
20240117;100140;6900.500000000;5;9411069207;S
20240117;100140;6900.000000000;97;9411069208;S
20240117;100146;6901.000000000;1;9411070174;S
20240117;100146;6901.000000000;19;9411070183;S
20240117;100146;6900.500000000;1;9411070184;S
20240117;100151;6902.500000000;5;9411071070;B
20240117;100152;6901.000000000;1;9411071209;S
20240117;100152;6901.000000000;4;9411071210;S
20240117;100152;6901.000000000;4;9411071211;S
20240117;100152;6900.500000000;4;9411071273;S
20240117;100154;6901.000000000;1;9411071759;B
20240117;100155;6901.000000000;2;9411071867;B
20240117;100155;6902.500000000;2;9411071868;B
20240117;100159;6902.500000000;3;9411072571;B
20240117;100201;6902.500000000;4;9411073055;B
20240117;100201;6902.500000000;4;9411073056;B
20240117;100201;6902.500000000;13;9411073057;B
20240117;100201;6903.000000000;144;9411073058;B
20240117;100201;6904.000000000;4;9411073059;B
20240117;100201;6904.000000000;1;9411073060;B
20240117;100201;6904.000000000;10;9411073061;B
20240117;100201;6904.500000000;6;9411073062;B
20240117;100201;6905.000000000;6;9411073063;B
20240117;100201;6905.000000000;8;9411073064;B
20240117;100203;6905.000000000;5;9411073387;B
20240117;100206;6901.500000000;1;9411073865;S
20240117;100206;6902.000000000;2;9411073867;B
20240117;100206;6905.000000000;2;9411073886;B
20240117;100206;6905.000000000;15;9411073928;B
20240117;100206;6905.500000000;6;9411073929;B
20240117;100206;6906.000000000;3;9411073930;B
20240117;100208;6905.000000000;2;9411074352;B
20240117;100211;6902.500000000;1;9411075290;S
20240117;100211;6902.500000000;19;9411075291;S
20240117;100212;6905.000000000;30;9411075365;B
20240117;100214;6903.000000000;1;9411075640;S
20240117;100214;6903.000000000;1;9411075641;S
20240117;100214;6905.000000000;2;9411075669;B
20240117;100216;6902.500000000;1;9411075940;S
20240117;100216;6902.500000000;2;9411075941;S
20240117;100216;6902.500000000;20;9411075942;S
20240117;100216;6902.000000000;2;9411075943;S
20240117;100216;6902.000000000;15;9411075944;S
20240117;100220;6902.500000000;10;9411076587;S
20240117;100220;6902.500000000;20;9411076588;S
20240117;100220;6902.000000000;1;9411076589;S
20240117;100220;6901.500000000;9;9411076590;S
20240117;100221;6905.000000000;5;9411076708;B
20240117;100221;6904.500000000;1;9411076840;B
20240117;100221;6904.500000000;1;9411076841;B
20240117;100221;6905.000000000;8;9411076842;B
20240117;100225;6903.000000000;1;9411077497;S
20240117;100232;6903.500000000;15;9411078481;S
20240117;100232;6903.500000000;5;9411078482;S
20240117;100234;6905.000000000;5;9411078833;B
20240117;100234;6905.000000000;10;9411078834;B
20240117;100234;6905.000000000;34;9411078835;B
20240117;100235;6905.000000000;1;9411079073;B
20240117;100237;6903.500000000;1;9411079352;S
20240117;100237;6903.500000000;5;9411079409;S
20240117;100245;6903.500000000;9;9411080496;S
20240117;100245;6903.500000000;1;9411080497;S
20240117;100246;6903.500000000;1;9411080678;S
20240117;100246;6903.500000000;1;9411080679;S
20240117;100247;6905.000000000;20;9411080854;B
20240117;100250;6905.000000000;10;9411081166;B
20240117;100250;6905.000000000;4;9411081167;B
20240117;100250;6905.000000000;1;9411081168;B
20240117;100250;6905.000000000;5;9411081186;S
20240117;100250;6905.000000000;3;9411081187;S
20240117;100250;6905.000000000;1;9411081200;S
20240117;100251;6903.500000000;1;9411081260;S
20240117;100251;6906.000000000;1;9411081262;B
20240117;100252;6903.500000000;3;9411081372;S
20240117;100252;6903.500000000;10;9411081428;S
20240117;100254;6906.000000000;2;9411081719;B
20240117;100257;6905.500000000;3;9411082217;S
20240117;100257;6905.500000000;20;9411082358;S
20240117;100257;6905.500000000;2;9411082359;S
20240117;100257;6905.000000000;10;9411082360;S
20240117;100257;6905.000000000;10;9411082361;S
20240117;100257;6905.000000000;10;9411082362;S
20240117;100257;6905.000000000;10;9411082363;S
20240117;100257;6905.000000000;1;9411082364;S
20240117;100257;6905.000000000;23;9411082365;S
20240117;100257;6905.000000000;10;9411082366;S
20240117;100257;6905.000000000;1;9411082367;S
20240117;100257;6904.500000000;103;9411082368;S
20240117;100259;6904.500000000;21;9411082586;S
20240117;100301;6906.000000000;1;9411082932;B
20240117;100301;6906.500000000;1;9411082933;B
20240117;100302;6906.500000000;1;9411083071;B
20240117;100302;6906.500000000;4;9411083091;B
20240117;100302;6907.000000000;2;9411083092;B
20240117;100303;6907.000000000;18;9411083171;B
20240117;100303;6907.000000000;6;9411083172;B
20240117;100303;6907.500000000;8;9411083173;B
20240117;100303;6907.500000000;6;9411083174;B
20240117;100303;6907.500000000;1;9411083175;B
20240117;100303;6908.000000000;11;9411083176;B
20240117;100303;6908.000000000;2;9411083177;B
20240117;100308;6907.500000000;1;9411084236;B
20240117;100308;6908.000000000;12;9411084352;B
20240117;100308;6907.000000000;5;9411084364;S
20240117;100308;6908.000000000;11;9411084410;B
20240117;100309;6907.000000000;10;9411084547;S
20240117;100309;6907.000000000;15;9411084548;S
20240117;100310;6906.500000000;2;9411084649;S
20240117;100312;6906.500000000;1;9411084916;S
20240117;100314;6907.000000000;2;9411085176;B
20240117;100314;6907.500000000;1;9411085177;B
20240117;100314;6908.000000000;14;9411085178;B
20240117;100314;6908.000000000;1;9411085179;B
20240117;100314;6908.000000000;35;9411085180;B
20240117;100314;6908.000000000;6;9411085181;B
20240117;100314;6908.000000000;150;9411085182;B
20240117;100314;6908.000000000;2;9411085183;B
20240117;100314;6908.500000000;6;9411085184;B
20240117;100314;6908.500000000;16;9411085185;B
20240117;100314;6908.500000000;5;9411085186;B
20240117;100314;6909.000000000;21;9411085187;B
20240117;100314;6909.000000000;709;9411085188;B
20240117;100314;6909.000000000;6;9411085189;B
20240117;100314;6909.000000000;1;9411085190;B
20240117;100314;6909.500000000;6;9411085191;B
20240117;100314;6909.500000000;19;9411085192;B
20240117;100316;6910.000000000;2;9411085610;B
20240117;100316;6910.000000000;6;9411085611;B
20240117;100316;6910.000000000;17;9411085612;B
20240117;100316;6910.000000000;3;9411085710;B
20240117;100316;6910.000000000;1;9411085711;B
20240117;100316;6910.000000000;10;9411085712;B
20240117;100317;6910.000000000;8;9411085757;B
20240117;100317;6909.000000000;6;9411085845;S
20240117;100321;6910.000000000;100;9411086408;B
20240117;100321;6910.000000000;62;9411086409;B
20240117;100321;6910.000000000;1;9411086410;B
20240117;100321;6910.500000000;6;9411086411;B
20240117;100321;6911.000000000;6;9411086412;B
20240117;100321;6911.500000000;2;9411086449;B
20240117;100322;6911.500000000;4;9411086520;B
20240117;100322;6911.500000000;1;9411086521;B
20240117;100322;6912.000000000;6;9411086522;B
20240117;100322;6912.000000000;2;9411086523;B
20240117;100322;6912.500000000;6;9411086524;B
20240117;100322;6912.500000000;1;9411086525;B
20240117;100325;6912.500000000;3;9411086969;B
20240117;100326;6912.500000000;5;9411087102;B
20240117;100327;6912.500000000;5;9411087105;B
20240117;100329;6912.500000000;11;9411087429;B
20240117;100329;6913.000000000;6;9411087430;B
20240117;100329;6913.000000000;2;9411087431;B
20240117;100329;6913.000000000;5;9411087439;S
20240117;100330;6913.500000000;6;9411087499;B
20240117;100330;6914.000000000;4;9411087500;B
20240117;100330;6914.000000000;2;9411087622;B
20240117;100330;6914.000000000;13;9411087623;B
20240117;100331;6914.000000000;1;9411087641;B
20240117;100331;6914.500000000;14;9411087642;B
20240117;100332;6913.500000000;1;9411087889;S
20240117;100335;6914.500000000;6;9411088422;B
20240117;100335;6914.500000000;1;9411088423;B
20240117;100335;6914.000000000;1;9411088473;S
20240117;100336;6914.000000000;1;9411088717;S
20240117;100336;6914.000000000;1;9411088723;S
20240117;100337;6914.000000000;1;9411088816;S
20240117;100337;6914.500000000;5;9411088877;B
20240117;100337;6914.500000000;10;9411088878;B
20240117;100339;6915.000000000;1;9411089112;B
20240117;100339;6914.500000000;1;9411089114;S
20240117;100339;6914.500000000;4;9411089115;S
20240117;100339;6914.500000000;1;9411089121;S
20240117;100340;6914.500000000;2;9411089180;S
20240117;100340;6914.500000000;1;9411089199;S
20240117;100342;6915.000000000;1;9411089389;B
20240117;100342;6915.000000000;4;9411089390;B
20240117;100342;6915.000000000;6;9411089391;B
20240117;100342;6915.000000000;20;9411089392;B
20240117;100342;6915.000000000;2;9411089393;B
20240117;100342;6915.000000000;2;9411089394;B
20240117;100342;6915.000000000;2;9411089395;B
20240117;100342;6915.000000000;6;9411089396;B
20240117;100342;6915.000000000;1;9411089397;B
20240117;100342;6915.000000000;2;9411089398;B
20240117;100342;6915.500000000;3;9411089482;B
20240117;100342;6914.500000000;5;9411089540;S
20240117;100343;6914.500000000;4;9411089668;S
20240117;100344;6915.000000000;20;9411089787;B
20240117;100345;6915.500000000;3;9411089863;B
20240117;100345;6915.500000000;70;9411089864;B
20240117;100345;6916.000000000;6;9411089866;B
20240117;100345;6916.500000000;6;9411089867;B
20240117;100345;6916.500000000;1;9411089941;S
20240117;100345;6917.000000000;6;9411089954;B
20240117;100345;6917.500000000;6;9411089955;B
20240117;100345;6917.500000000;2;9411089956;B
20240117;100345;6918.000000000;6;9411089957;B
20240117;100345;6918.500000000;3;9411089958;B
20240117;100346;6918.500000000;2;9411089967;B
20240117;100346;6918.500000000;1;9411089968;B
20240117;100346;6918.500000000;5;9411090004;B
20240117;100346;6918.500000000;10;9411090005;B
20240117;100346;6918.500000000;2;9411090006;B
20240117;100346;6918.500000000;1;9411090011;B
20240117;100346;6918.500000000;1;9411090115;B
20240117;100350;6917.500000000;2;9411090591;S
20240117;100352;6918.000000000;5;9411091059;B
20240117;100352;6918.500000000;16;9411091060;B
20240117;100352;6918.500000000;40;9411091061;B
20240117;100352;6919.000000000;20;9411091062;B
20240117;100352;6919.000000000;6;9411091063;B
20240117;100352;6919.000000000;55;9411091064;B
20240117;100352;6919.000000000;2;9411091065;B
20240117;100352;6919.500000000;33;9411091066;B
20240117;100352;6919.500000000;2;9411091067;B
20240117;100352;6919.500000000;14;9411091068;B
20240117;100352;6919.500000000;5;9411091069;B
20240117;100352;6919.500000000;150;9411091070;B
20240117;100352;6919.500000000;25;9411091071;B
20240117;100352;6919.500000000;6;9411091072;B
20240117;100352;6919.500000000;5;9411091073;B
20240117;100352;6919.500000000;2;9411091074;B
20240117;100352;6920.000000000;3;9411091075;B
20240117;100352;6920.000000000;1;9411091076;B
20240117;100352;6920.000000000;1;9411091077;B
20240117;100352;6920.000000000;50;9411091078;B
20240117;100352;6920.000000000;15;9411091079;B
20240117;100352;6920.000000000;6;9411091080;B
20240117;100352;6920.000000000;1;9411091081;B
20240117;100352;6920.000000000;72;9411091082;B
20240117;100352;6920.000000000;20;9411091083;B
20240117;100352;6920.000000000;100;9411091084;B
20240117;100352;6920.000000000;5;9411091085;B
20240117;100352;6920.000000000;11;9411091086;B
20240117;100352;6920.500000000;6;9411091087;B
20240117;100352;6920.500000000;4;9411091088;B
20240117;100352;6921.000000000;48;9411091089;B
20240117;100352;6921.000000000;6;9411091090;B
20240117;100352;6921.000000000;30;9411091091;B
20240117;100352;6921.000000000;250;9411091092;B
20240117;100352;6921.000000000;2;9411091093;B
20240117;100352;6921.500000000;3;9411091094;B
20240117;100352;6921.500000000;1000;9411091095;B
20240117;100352;6921.500000000;6;9411091096;B
20240117;100352;6921.500000000;20;9411091097;B
20240117;100352;6922.000000000;3;9411091098;B
20240117;100352;6922.000000000;11;9411091099;B
20240117;100352;6922.000000000;6;9411091100;B
20240117;100352;6922.000000000;35;9411091101;B
20240117;100352;6922.500000000;6;9411091102;B
20240117;100352;6922.500000000;15;9411091103;B
20240117;100352;6923.000000000;2;9411091104;B
20240117;100352;6923.000000000;1;9411091105;B
20240117;100352;6923.000000000;15;9411091106;B
20240117;100352;6923.000000000;1;9411091107;B
20240117;100352;6923.000000000;3;9411091108;B
20240117;100352;6923.000000000;1;9411091109;B
20240117;100352;6923.000000000;1;9411091110;B
20240117;100352;6923.000000000;5;9411091111;B
20240117;100352;6923.000000000;1;9411091112;B
20240117;100352;6923.000000000;7;9411091113;B
20240117;100352;6923.000000000;106;9411091114;B
20240117;100352;6923.000000000;6;9411091115;B
20240117;100352;6923.000000000;11;9411091116;B
20240117;100352;6923.000000000;20;9411091117;B
20240117;100352;6923.000000000;1;9411091118;B
20240117;100352;6923.500000000;6;9411091119;B
20240117;100352;6923.500000000;40;9411091120;B
20240117;100352;6924.000000000;20;9411091121;B
20240117;100352;6924.000000000;6;9411091122;B
20240117;100352;6924.500000000;2;9411091123;B
20240117;100352;6924.500000000;6;9411091124;B
20240117;100352;6924.500000000;72;9411091125;B
20240117;100352;6925.000000000;4;9411091126;B
20240117;100352;6925.000000000;6;9411091127;B
20240117;100352;6925.000000000;20;9411091128;B
20240117;100352;6925.000000000;290;9411091129;B
20240117;100352;6925.500000000;100;9411091130;B
20240117;100352;6925.500000000;6;9411091131;B
20240117;100352;6926.000000000;6;9411091132;B
20240117;100352;6926.000000000;11;9411091133;B
20240117;100352;6926.000000000;20;9411091134;B
20240117;100352;6926.000000000;1;9411091135;B
20240117;100352;6926.500000000;1;9411091136;B
20240117;100352;6926.500000000;6;9411091137;B
20240117;100352;6926.500000000;1;9411091138;B
20240117;100352;6927.000000000;6;9411091139;B
20240117;100352;6927.000000000;20;9411091140;B
20240117;100352;6927.500000000;6;9411091141;B
20240117;100352;6928.000000000;6;9411091142;B
20240117;100352;6928.500000000;6;9411091143;B
20240117;100352;6929.000000000;6;9411091144;B
20240117;100352;6929.000000000;10;9411091145;B
20240117;100352;6929.000000000;1;9411091146;B
20240117;100352;6929.000000000;13;9411091147;B
20240117;100352;6922.500000000;1;9411091154;B
20240117;100353;6928.500000000;20;9411091173;B
20240117;100353;6928.500000000;10;9411091174;B
20240117;100353;6925.000000000;26;9411091284;S
20240117;100356;6925.000000000;25;9411091768;S
20240117;100356;6925.000000000;2;9411091787;S
20240117;100357;6926.500000000;9;9411091814;B
20240117;100357;6927.000000000;2;9411091815;B
20240117;100357;6927.500000000;1;9411091816;B
20240117;100357;6927.500000000;15;9411091817;B
20240117;100357;6928.000000000;8;9411091818;B
20240117;100357;6928.000000000;5;9411091819;B
20240117;100357;6928.500000000;2;9411091820;B
20240117;100357;6928.500000000;1;9411091821;B
20240117;100357;6928.000000000;2;9411091829;B
20240117;100358;6925.000000000;5;9411092010;S
20240117;100358;6925.000000000;8;9411092011;S
20240117;100358;6925.000000000;1;9411092070;B
20240117;100358;6925.000000000;13;9411092133;B
20240117;100359;6925.000000000;73;9411092200;B
20240117;100403;6928.500000000;2;9411092794;B
20240117;100403;6927.500000000;1;9411092808;S
20240117;100403;6928.500000000;2;9411092833;B
20240117;100403;6928.500000000;5;9411092834;B
20240117;100403;6928.500000000;20;9411092835;B
20240117;100404;6929.000000000;7;9411093004;B
20240117;100404;6929.000000000;15;9411093062;B
20240117;100404;6929.000000000;1;9411093116;B
20240117;100404;6929.000000000;1;9411093123;B
20240117;100405;6928.500000000;6;9411093265;S
20240117;100405;6928.500000000;2;9411093298;S
20240117;100406;6929.000000000;27;9411093329;B
20240117;100406;6928.500000000;15;9411093367;S
20240117;100406;6928.500000000;70;9411093368;S
20240117;100406;6928.000000000;72;9411093474;S
20240117;100406;6928.000000000;23;9411093475;S
20240117;100406;6927.500000000;2;9411093476;S
20240117;100406;6926.500000000;20;9411093477;S
20240117;100406;6926.000000000;11;9411093478;S
20240117;100406;6925.000000000;5;9411093479;S
20240117;100406;6925.000000000;29;9411093480;S
20240117;100406;6925.000000000;3;9411093481;B
20240117;100406;6925.000000000;54;9411093482;B
20240117;100406;6925.000000000;66;9411093483;B
20240117;100407;6928.500000000;2;9411093548;B
20240117;100407;6929.000000000;8;9411093549;B
20240117;100408;6928.500000000;1;9411093703;B
20240117;100409;6928.500000000;2;9411093959;B
20240117;100409;6928.500000000;3;9411093960;B
20240117;100410;6928.500000000;1;9411094001;S
20240117;100410;6929.000000000;5;9411094063;B
20240117;100412;6928.500000000;115;9411094297;S
20240117;100413;6928.500000000;5;9411094421;S
20240117;100413;6929.000000000;30;9411094437;B
20240117;100413;6929.000000000;1;9411094452;B
20240117;100414;6928.500000000;39;9411094593;S
20240117;100414;6928.500000000;2;9411094594;S
20240117;100414;6928.500000000;1;9411094595;S
20240117;100414;6927.500000000;8;9411094596;S
20240117;100415;6925.500000000;3;9411094738;S
20240117;100416;6929.000000000;2;9411094806;B
20240117;100416;6929.000000000;2;9411094879;B
20240117;100416;6929.000000000;1;9411094880;B
20240117;100417;6928.500000000;1;9411095010;B
20240117;100420;6926.000000000;1;9411095429;S
20240117;100425;6926.000000000;1;9411096463;S
20240117;100425;6925.500000000;6;9411096464;S
20240117;100425;6925.500000000;4;9411096493;S
20240117;100425;6925.000000000;11;9411096494;S
20240117;100426;6923.000000000;23;9411096637;S
20240117;100429;6923.000000000;2;9411096921;S
20240117;100429;6922.500000000;10;9411096922;S
20240117;100429;6922.000000000;18;9411096923;S
20240117;100429;6921.500000000;8;9411096939;S
20240117;100429;6921.500000000;5;9411096987;S
20240117;100430;6921.500000000;1;9411097054;S
20240117;100430;6921.500000000;1;9411097108;S
20240117;100431;6921.500000000;5;9411097184;S
20240117;100431;6920.500000000;2;9411097185;S
20240117;100431;6920.500000000;2;9411097186;S
20240117;100431;6920.000000000;20;9411097187;S
20240117;100431;6920.000000000;2;9411097188;S
20240117;100432;6920.500000000;1;9411097340;S
20240117;100432;6920.500000000;12;9411097386;S
20240117;100432;6920.000000000;23;9411097387;S
20240117;100432;6920.000000000;8;9411097388;S
20240117;100432;6920.000000000;1;9411097389;S
20240117;100434;6919.000000000;11;9411097738;S
20240117;100434;6918.500000000;1;9411097739;S
20240117;100434;6918.500000000;2;9411097740;S
20240117;100434;6918.000000000;1;9411097741;S
20240117;100436;6918.500000000;2;9411098050;S
20240117;100436;6918.500000000;2;9411098051;S
20240117;100436;6918.000000000;9;9411098052;S
20240117;100436;6917.500000000;1;9411098053;S
20240117;100436;6917.000000000;14;9411098054;S
20240117;100436;6916.500000000;116;9411098055;S
20240117;100437;6920.500000000;2;9411098137;B
20240117;100437;6920.500000000;2;9411098233;B
20240117;100439;6916.500000000;12;9411098442;S
20240117;100439;6916.000000000;18;9411098443;S
20240117;100440;6916.500000000;2;9411098725;S
20240117;100441;6916.000000000;2;9411098936;S
20240117;100441;6915.500000000;1;9411098937;S
20240117;100442;6915.500000000;3;9411099155;S
20240117;100444;6915.500000000;7;9411099340;S
20240117;100444;6915.500000000;2;9411099341;S
20240117;100444;6915.000000000;46;9411099342;S
20240117;100444;6915.000000000;2;9411099343;S
20240117;100444;6914.500000000;1;9411099344;S
20240117;100444;6914.500000000;10;9411099345;S
20240117;100444;6914.500000000;5;9411099346;S
20240117;100444;6913.500000000;11;9411099347;S
20240117;100444;6913.500000000;16;9411099348;S
20240117;100449;6914.000000000;4;9411100308;S
20240117;100449;6914.000000000;1;9411100309;S
20240117;100449;6917.500000000;2;9411100355;B
20240117;100449;6918.000000000;1;9411100356;B
20240117;100452;6915.000000000;4;9411100686;S
20240117;100452;6915.000000000;4;9411100687;S
20240117;100452;6915.000000000;2;9411100688;S
20240117;100452;6914.500000000;2;9411100689;S
20240117;100452;6914.500000000;4;9411100690;S
20240117;100452;6914.500000000;1;9411100691;S
20240117;100452;6914.000000000;3;9411100692;S
20240117;100452;6913.500000000;1;9411100693;S
20240117;100452;6913.500000000;15;9411100694;S
20240117;100452;6913.000000000;8;9411100695;S
20240117;100452;6913.000000000;1;9411100696;S
20240117;100452;6912.500000000;289;9411100697;S
20240117;100452;6912.000000000;1;9411100698;S
20240117;100452;6911.500000000;72;9411100699;S
20240117;100452;6911.500000000;20;9411100700;S
20240117;100452;6911.000000000;20;9411100701;S
20240117;100452;6910.500000000;11;9411100702;S
20240117;100452;6910.000000000;1;9411100703;S
20240117;100452;6910.000000000;1;9411100704;S
20240117;100452;6910.000000000;1;9411100705;S
20240117;100452;6909.500000000;20;9411100706;S
20240117;100452;6909.000000000;1;9411100707;S
20240117;100452;6909.000000000;2;9411100708;S
20240117;100452;6909.000000000;7;9411100709;S
20240117;100452;6908.500000000;6;9411100710;S
20240117;100452;6908.500000000;50;9411100711;S
20240117;100452;6908.000000000;34;9411100712;S
20240117;100452;6908.000000000;6;9411100713;S
20240117;100452;6908.000000000;20;9411100714;S
20240117;100452;6908.000000000;10;9411100715;S
20240117;100452;6908.000000000;11;9411100716;S
20240117;100452;6907.500000000;6;9411100717;S
20240117;100452;6907.500000000;200;9411100718;S
20240117;100452;6907.000000000;50;9411100719;S
20240117;100452;6907.000000000;6;9411100720;S
20240117;100452;6907.000000000;349;9411100721;B
20240117;100452;6907.000000000;461;9411100722;B
20240117;100452;6907.000000000;221;9411100723;B
20240117;100452;6907.000000000;248;9411100724;B
20240117;100452;6907.000000000;304;9411100725;B
20240117;100452;6906.500000000;8;9411100726;S
20240117;100452;6907.000000000;5;9411100728;B
20240117;100452;6906.500000000;43;9411100808;S
20240117;100452;6907.000000000;1;9411100820;B
20240117;100453;6907.000000000;1;9411100923;B
20240117;100453;6907.000000000;2;9411100948;B
20240117;100453;6907.000000000;2;9411100949;B
20240117;100453;6907.000000000;1;9411100990;B
20240117;100453;6907.000000000;1;9411100991;B
20240117;100453;6907.000000000;2;9411100992;B
20240117;100454;6907.000000000;1;9411101053;B
20240117;100454;6907.000000000;3;9411101113;B
20240117;100454;6907.000000000;2;9411101114;B
20240117;100454;6907.000000000;2;9411101115;B
20240117;100456;6906.500000000;2;9411101684;S
20240117;100458;6907.000000000;1;9411101936;B
20240117;100458;6907.000000000;3;9411101982;B
20240117;100500;6907.000000000;50;9411102255;B
20240117;100500;6907.000000000;20;9411102276;B
20240117;100500;6907.000000000;1;9411102288;B
20240117;100501;6907.000000000;429;9411102580;B
20240117;100501;6908.000000000;3;9411102581;B
20240117;100501;6910.500000000;20;9411102582;B
20240117;100501;6912.000000000;20;9411102583;B
20240117;100501;6913.000000000;20;9411102584;B
20240117;100501;6914.500000000;8;9411102585;B
20240117;100502;6915.000000000;2;9411102769;B
20240117;100503;6915.000000000;1;9411102865;B
20240117;100506;6911.500000000;1;9411103238;S
20240117;100508;6915.000000000;5;9411103523;B
20240117;100509;6916.500000000;1;9411103918;B
20240117;100509;6916.500000000;2;9411103919;B
20240117;100510;6916.500000000;3;9411104018;B
20240117;100510;6917.000000000;1;9411104019;B
20240117;100510;6917.000000000;5;9411104020;B
20240117;100510;6915.000000000;1;9411104027;S
20240117;100511;6915.000000000;31;9411104204;S
20240117;100511;6915.000000000;3;9411104205;S
20240117;100511;6913.000000000;15;9411104206;S
20240117;100511;6912.500000000;51;9411104207;S
20240117;100511;6912.500000000;10;9411104214;S
20240117;100511;6911.500000000;4;9411104215;S
20240117;100512;6911.500000000;1;9411104251;S
20240117;100512;6917.000000000;1;9411104358;B
20240117;100520;6914.000000000;1;9411105381;B
20240117;100520;6914.000000000;2;9411105405;B
20240117;100520;6916.000000000;3;9411105406;B
20240117;100520;6916.500000000;5;9411105407;B
20240117;100520;6916.500000000;42;9411105408;B
20240117;100520;6917.000000000;4;9411105409;B
20240117;100520;6917.000000000;5;9411105410;B
20240117;100520;6917.000000000;40;9411105411;B
20240117;100520;6917.000000000;20;9411105412;B
20240117;100520;6918.000000000;80;9411105413;B
20240117;100520;6918.500000000;20;9411105414;B
20240117;100520;6919.000000000;63;9411105415;B
20240117;100520;6919.000000000;72;9411105416;B
20240117;100520;6919.500000000;11;9411105417;B
20240117;100520;6919.500000000;20;9411105418;B
20240117;100520;6920.000000000;266;9411105419;S
20240117;100520;6920.000000000;345;9411105420;S
20240117;100520;6920.000000000;2;9411105421;S
20240117;100520;6915.500000000;1;9411105422;S
20240117;100520;6915.500000000;1;9411105423;B
20240117;100521;6916.000000000;1;9411105539;B
20240117;100522;6917.000000000;1;9411105696;S
20240117;100528;6919.500000000;14;9411106633;B
20240117;100528;6919.500000000;3;9411106685;B
20240117;100530;6919.500000000;10;9411106982;B
20240117;100531;6919.500000000;3;9411107093;B
20240117;100535;6917.000000000;1;9411108056;S
20240117;100535;6916.500000000;5;9411108057;S
20240117;100535;6916.000000000;1;9411108058;S
20240117;100535;6916.000000000;2;9411108059;S
20240117;100535;6915.500000000;2;9411108060;S
20240117;100535;6915.500000000;5;9411108061;S
20240117;100535;6915.500000000;1;9411108062;S
20240117;100535;6915.500000000;1;9411108063;S
20240117;100536;6919.000000000;1;9411108199;B
20240117;100536;6919.500000000;1;9411108200;B
20240117;100539;6916.000000000;5;9411108579;S
20240117;100539;6916.000000000;5;9411108580;S
20240117;100539;6915.500000000;6;9411108581;S
20240117;100539;6919.000000000;5;9411108594;B
20240117;100539;6919.500000000;1;9411108595;B
20240117;100539;6919.500000000;20;9411108596;B
20240117;100539;6919.500000000;2;9411108597;B
20240117;100539;6919.500000000;1;9411108598;B
20240117;100539;6920.000000000;40;9411108599;B
20240117;100539;6920.000000000;30;9411108600;S
20240117;100539;6920.000000000;8;9411108601;S
20240117;100539;6920.000000000;30;9411108602;S
20240117;100539;6920.000000000;10;9411108603;S
20240117;100544;6921.000000000;3;9411109295;B
20240117;100546;6921.000000000;1;9411109503;B
20240117;100546;6920.500000000;2;9411109518;S
20240117;100547;6921.000000000;10;9411109602;B
20240117;100548;6921.000000000;25;9411109878;B
20240117;100548;6921.000000000;17;9411109917;B
20240117;100549;6921.000000000;15;9411110100;B
20240117;100550;6920.500000000;4;9411110123;S
20240117;100550;6920.500000000;11;9411110124;S
20240117;100551;6921.000000000;1;9411110300;B
20240117;100552;6920.500000000;1;9411110345;S
20240117;100552;6920.500000000;9;9411110346;S
20240117;100553;6920.500000000;4;9411110468;S
20240117;100553;6920.500000000;2;9411110510;S
20240117;100555;6920.500000000;10;9411110786;S
20240117;100555;6921.000000000;2;9411110917;B
20240117;100558;6920.500000000;14;9411111455;S
20240117;100559;6920.500000000;23;9411111660;S
20240117;100600;6920.000000000;36;9411111719;S
20240117;100600;6920.000000000;100;9411111870;S
20240117;100601;6920.500000000;3;9411111968;B
20240117;100601;6920.500000000;3;9411111969;B
20240117;100602;6920.000000000;5;9411112094;S
20240117;100603;6920.000000000;1;9411112128;S
20240117;100603;6920.500000000;1;9411112175;B
20240117;100604;6920.500000000;1;9411112308;B
20240117;100607;6920.000000000;1;9411112769;S
20240117;100609;6920.500000000;1;9411113088;B
20240117;100613;6920.000000000;22;9411113514;S
20240117;100617;6920.000000000;10;9411114061;S
20240117;100618;6920.000000000;10;9411114197;S
20240117;100619;6920.500000000;1;9411114317;B
20240117;100621;6920.000000000;3;9411114575;S
20240117;100622;6920.000000000;50;9411114750;S
20240117;100622;6920.500000000;5;9411114794;B
20240117;100623;6920.500000000;1;9411114920;B
20240117;100624;6920.000000000;120;9411114994;S
20240117;100625;6920.000000000;144;9411115201;S
20240117;100625;6920.500000000;1;9411115202;B
20240117;100625;6920.000000000;4;9411115244;S
20240117;100626;6920.500000000;1;9411115579;B
20240117;100627;6920.000000000;50;9411115615;S
20240117;100628;6920.000000000;6;9411115886;S
20240117;100628;6920.000000000;72;9411115910;S
20240117;100628;6920.000000000;39;9411115911;S
20240117;100628;6920.000000000;86;9411115912;S
20240117;100630;6920.000000000;25;9411116074;S
20240117;100630;6920.000000000;8;9411116075;S
20240117;100630;6920.000000000;61;9411116076;S
20240117;100630;6920.000000000;1;9411116077;S
20240117;100630;6920.000000000;7;9411116078;S
20240117;100631;6920.000000000;3;9411116171;S
20240117;100631;6920.500000000;2;9411116181;B
20240117;100631;6920.500000000;1;9411116182;B
20240117;100631;6920.000000000;43;9411116244;S
20240117;100632;6920.000000000;47;9411116327;S
20240117;100632;6920.000000000;1;9411116328;S
20240117;100632;6920.000000000;1;9411116329;S
20240117;100632;6920.000000000;1;9411116330;S
20240117;100633;6920.000000000;5;9411116472;S
20240117;100634;6920.000000000;1;9411116627;S
20240117;100634;6920.000000000;4;9411116648;S
20240117;100634;6920.000000000;4;9411116649;S
20240117;100634;6920.000000000;5;9411116650;S
20240117;100634;6920.000000000;17;9411116651;S
20240117;100635;6920.000000000;5;9411116677;S
20240117;100638;6920.500000000;1;9411117174;B
20240117;100639;6920.000000000;10;9411117285;S
20240117;100641;6920.000000000;2;9411117589;S
20240117;100643;6920.500000000;2;9411117887;B
20240117;100643;6920.500000000;3;9411117888;B
20240117;100643;6920.500000000;42;9411117889;B
20240117;100643;6920.000000000;1;9411117914;S
20240117;100644;6920.000000000;1;9411118047;S
20240117;100644;6920.000000000;2;9411118060;S
20240117;100645;6920.000000000;1;9411118158;S
20240117;100645;6920.500000000;1;9411118194;B
20240117;100646;6920.500000000;5;9411118394;B
20240117;100646;6920.000000000;1;9411118477;S
20240117;100646;6920.000000000;1;9411118478;S
20240117;100646;6916.500000000;3;9411118479;S
20240117;100646;6916.000000000;12;9411118480;S
20240117;100646;6915.500000000;1;9411118481;S
20240117;100646;6915.500000000;1;9411118482;S
20240117;100646;6915.500000000;1;9411118483;S
20240117;100647;6920.000000000;3;9411118554;B
20240117;100647;6920.000000000;17;9411118555;S
20240117;100653;6916.500000000;2;9411119162;S
20240117;100653;6915.500000000;10;9411119163;S
20240117;100653;6915.500000000;3;9411119164;S
20240117;100653;6915.000000000;5;9411119165;S
20240117;100653;6918.000000000;20;9411119272;B
20240117;100656;6918.000000000;3;9411119642;B
20240117;100656;6918.000000000;15;9411119643;B
20240117;100656;6918.500000000;28;9411119644;B
20240117;100656;6920.000000000;134;9411119645;B
20240117;100656;6920.500000000;5;9411119646;B
20240117;100656;6921.000000000;15;9411119647;B
20240117;100657;6920.000000000;2;9411119987;S
20240117;100700;6920.500000000;2;9411120377;S
20240117;100700;6920.000000000;5;9411120378;S
20240117;100700;6920.000000000;2;9411120452;S
20240117;100701;6920.000000000;80;9411120687;S
20240117;100704;6921.000000000;6;9411121144;B
20240117;100710;6921.000000000;1;9411121868;B
20240117;100716;6921.000000000;2;9411122543;B
20240117;100718;6920.000000000;72;9411122940;S
20240117;100718;6921.000000000;2;9411122942;B
20240117;100718;6921.000000000;1;9411122943;B
20240117;100718;6921.000000000;5;9411122944;B
20240117;100723;6921.000000000;2;9411123501;S
20240117;100723;6920.000000000;18;9411123502;S
20240117;100726;6920.000000000;4;9411123775;S
20240117;100729;6920.000000000;15;9411124242;S
20240117;100730;6921.000000000;3;9411124395;S
20240117;100730;6920.000000000;17;9411124396;S
20240117;100734;6921.500000000;1;9411125152;B
20240117;100746;6921.500000000;1;9411126728;S
20240117;100746;6921.000000000;6;9411126729;S
20240117;100746;6920.500000000;1;9411126730;S
20240117;100747;6922.000000000;1;9411127069;B
20240117;100751;6921.500000000;1;9411127518;S
20240117;100752;6920.500000000;1;9411127652;S
20240117;100752;6920.500000000;5;9411127653;S
20240117;100752;6920.000000000;24;9411127654;S
20240117;100800;6921.500000000;5;9411129003;B
20240117;100801;6921.500000000;1;9411129101;B
20240117;100803;6920.500000000;4;9411129447;S
20240117;100807;6921.500000000;6;9411129960;B
20240117;100809;6921.500000000;9;9411130221;B
20240117;100809;6921.500000000;2;9411130222;B
20240117;100809;6921.500000000;1;9411130223;B
20240117;100812;6922.000000000;1;9411130705;B
20240117;100814;6921.500000000;1;9411130986;S
20240117;100814;6922.000000000;1;9411130996;B
20240117;100814;6922.000000000;1;9411130997;B
20240117;100817;6922.000000000;14;9411131424;B
20240117;100817;6922.000000000;3;9411131425;B
20240117;100817;6922.000000000;1;9411131426;B
20240117;100817;6922.500000000;1;9411131427;B
20240117;100817;6923.000000000;1;9411131428;B
20240117;100817;6923.000000000;25;9411131429;B
20240117;100817;6923.000000000;5;9411131430;B
20240117;100817;6923.000000000;1;9411131431;B
20240117;100817;6923.500000000;33;9411131432;B
20240117;100817;6923.500000000;1;9411131433;B
20240117;100817;6924.000000000;13;9411131434;B
20240117;100817;6924.000000000;1;9411131435;B
20240117;100817;6924.500000000;14;9411131436;B
20240117;100817;6924.500000000;1;9411131437;B
20240117;100817;6924.500000000;20;9411131438;B
20240117;100817;6925.000000000;20;9411131439;B
20240117;100817;6925.000000000;5;9411131440;B
20240117;100817;6925.000000000;1;9411131441;B
20240117;100817;6925.000000000;4;9411131442;B
20240117;100817;6925.000000000;14;9411131443;B
20240117;100817;6925.000000000;10;9411131444;B
20240117;100817;6925.500000000;2;9411131445;B
20240117;100817;6925.500000000;1;9411131446;B
20240117;100817;6925.500000000;6;9411131447;B
20240117;100817;6925.500000000;1;9411131448;B
20240117;100817;6926.000000000;152;9411131449;B
20240117;100821;6924.500000000;1;9411132041;B
20240117;100821;6926.000000000;1;9411132042;B
20240117;100821;6923.000000000;3;9411132073;S
20240117;100821;6923.000000000;2;9411132074;S
20240117;100831;6926.000000000;1;9411133253;B
20240117;100838;6925.000000000;2;9411134270;S
20240117;100838;6925.500000000;1;9411134309;B
20240117;100839;6925.000000000;1;9411134433;S
20240117;100847;6925.000000000;2;9411135242;S
20240117;100847;6926.000000000;246;9411135327;B
20240117;100847;6926.000000000;10;9411135328;B
20240117;100847;6926.000000000;3;9411135329;B
20240117;100848;6927.500000000;1;9411135466;B
20240117;100848;6927.500000000;1;9411135470;B
20240117;100849;6927.500000000;1;9411135525;B
20240117;100850;6927.000000000;1;9411135670;S
20240117;100850;6926.500000000;3;9411135671;S
20240117;100850;6926.500000000;1;9411135672;S
20240117;100851;6926.000000000;3;9411135807;S
20240117;100853;6926.000000000;17;9411136052;S
20240117;100854;6926.000000000;10;9411136104;S
20240117;100855;6926.500000000;1;9411136237;B
20240117;100855;6926.000000000;11;9411136269;S
20240117;100855;6926.000000000;2;9411136270;S
20240117;100855;6925.500000000;3;9411136271;S
20240117;100855;6925.500000000;5;9411136272;S
20240117;100855;6925.000000000;21;9411136273;S
20240117;100855;6925.000000000;30;9411136274;S
20240117;100855;6925.000000000;5;9411136305;B
20240117;100900;6925.000000000;15;9411136826;B
20240117;100900;6925.000000000;1;9411136843;B
20240117;100901;6925.000000000;57;9411137044;B
20240117;100901;6925.000000000;3;9411137045;B
20240117;100901;6926.000000000;20;9411137046;B
20240117;100901;6927.500000000;3;9411137047;B
20240117;100901;6927.500000000;72;9411137048;B
20240117;100901;6928.000000000;6;9411137049;B
20240117;100901;6928.000000000;20;9411137050;B
20240117;100901;6928.000000000;15;9411137051;B
20240117;100901;6928.500000000;6;9411137052;B
20240117;100901;6928.500000000;15;9411137053;B
20240117;100901;6928.500000000;3;9411137054;B
20240117;100901;6929.000000000;1;9411137055;B
20240117;100901;6929.000000000;6;9411137056;B
20240117;100901;6929.000000000;3;9411137057;B
20240117;100901;6929.000000000;38;9411137058;B
20240117;100901;6929.000000000;39;9411137059;B
20240117;100901;6929.500000000;6;9411137060;B
20240117;100901;6929.500000000;3;9411137061;B
20240117;100901;6929.500000000;2;9411137062;B
20240117;100901;6929.500000000;100;9411137063;B
20240117;100901;6929.500000000;20;9411137064;B
20240117;100901;6930.000000000;162;9411137065;B
20240117;100902;6929.500000000;10;9411137175;B
20240117;100902;6929.500000000;10;9411137182;B
20240117;100902;6930.000000000;90;9411137183;B
20240117;100902;6925.000000000;1;9411137221;B
20240117;100902;6929.500000000;10;9411137222;B
20240117;100902;6930.000000000;39;9411137223;B
20240117;100903;6930.000000000;100;9411137294;B
20240117;100909;6928.000000000;1;9411138067;S
20240117;100909;6926.000000000;1;9411138068;S
20240117;100909;6925.000000000;3;9411138069;S
20240117;100909;6924.500000000;9;9411138070;S
20240117;100910;6929.500000000;2;9411138218;B
20240117;100910;6929.500000000;9;9411138219;B
20240117;100910;6930.000000000;39;9411138220;B
20240117;100912;6930.000000000;1;9411138439;B
20240117;100912;6929.500000000;4;9411138577;B
20240117;100912;6930.000000000;6;9411138578;B
20240117;100913;6929.500000000;2;9411138623;B
20240117;100913;6930.000000000;32;9411138624;B
20240117;100914;6930.000000000;1;9411138787;B
20240117;100914;6930.000000000;2;9411138798;B
20240117;100917;6929.500000000;1;9411139099;B
20240117;100919;6924.500000000;1;9411139358;S
20240117;100919;6924.500000000;2;9411139366;S
20240117;100920;6929.500000000;2;9411139454;B
20240117;100920;6929.500000000;3;9411139455;B
20240117;100920;6929.500000000;5;9411139456;B
20240117;100920;6929.500000000;15;9411139491;B
20240117;100923;6929.500000000;5;9411139750;B
20240117;100923;6929.500000000;5;9411139751;B
20240117;100923;6929.500000000;20;9411139752;B
20240117;100923;6929.500000000;17;9411139753;B
20240117;100923;6930.000000000;3;9411139754;B
20240117;100927;6928.000000000;2;9411140271;S
20240117;100927;6924.500000000;2;9411140309;S
20240117;100930;6928.500000000;11;9411140540;B
20240117;100930;6929.000000000;3;9411140541;B
20240117;100930;6929.500000000;5;9411140542;B
20240117;100930;6929.500000000;17;9411140543;B
20240117;100930;6929.500000000;20;9411140544;B
20240117;100930;6930.000000000;25;9411140545;B
20240117;100930;6930.000000000;200;9411140546;B
20240117;100930;6930.000000000;1;9411140547;B
20240117;100930;6930.000000000;6;9411140548;B
20240117;100930;6930.000000000;5;9411140549;B
20240117;100930;6930.000000000;5;9411140550;B
20240117;100930;6930.000000000;10;9411140551;B
20240117;100930;6930.000000000;4;9411140552;B
20240117;100930;6930.000000000;15;9411140553;B
20240117;100930;6930.000000000;1;9411140554;B
20240117;100930;6930.000000000;5;9411140555;B
20240117;100930;6930.000000000;100;9411140556;B
20240117;100930;6930.000000000;5;9411140557;B
20240117;100930;6930.000000000;1;9411140558;B
20240117;100930;6930.000000000;2;9411140559;S
20240117;100930;6930.000000000;3;9411140560;S
20240117;100932;6930.000000000;5;9411140942;S
20240117;100933;6930.500000000;1;9411141099;B
20240117;100933;6930.500000000;6;9411141100;B
20240117;100933;6930.500000000;23;9411141101;B
20240117;100933;6930.500000000;2;9411141107;B
20240117;100933;6930.000000000;50;9411141127;S
20240117;100934;6930.500000000;50;9411141146;B
20240117;100934;6930.500000000;1;9411141147;B
20240117;100934;6930.500000000;3;9411141191;B
20240117;100935;6930.000000000;4;9411141270;S
20240117;100935;6930.500000000;21;9411141328;B
20240117;100937;6931.000000000;6;9411141505;B
20240117;100937;6931.000000000;3;9411141506;B
20240117;100937;6931.000000000;2;9411141507;B
20240117;100937;6931.500000000;6;9411141508;B
20240117;100937;6931.500000000;2;9411141509;S
20240117;100937;6932.000000000;1;9411141579;B
20240117;100937;6932.000000000;1;9411141589;B
20240117;100938;6932.000000000;4;9411141659;B
20240117;100938;6932.000000000;11;9411141660;B
20240117;100938;6932.000000000;10;9411141726;B
20240117;100938;6932.000000000;4;9411141729;B
20240117;100938;6932.500000000;6;9411141730;B
20240117;100939;6932.500000000;10;9411141787;B
20240117;100939;6933.000000000;6;9411141788;B
20240117;100939;6932.000000000;15;9411141828;S
20240117;100939;6931.500000000;11;9411141829;S
20240117;100939;6931.500000000;5;9411141830;S
20240117;100939;6931.500000000;3;9411141831;S
20240117;100939;6931.000000000;16;9411141832;S
20240117;100940;6931.500000000;2;9411141901;S
20240117;100940;6933.000000000;2;9411141906;B
20240117;100943;6933.000000000;3;9411142245;B
20240117;100944;6933.000000000;1;9411142396;B
20240117;100945;6933.000000000;25;9411142431;B
20240117;100945;6933.000000000;4;9411142432;B
20240117;100945;6933.500000000;6;9411142433;B
20240117;100945;6933.500000000;3;9411142434;B
20240117;100945;6934.000000000;6;9411142435;B
20240117;100945;6934.500000000;6;9411142436;B
20240117;100945;6934.500000000;6;9411142437;B
20240117;100945;6934.500000000;150;9411142438;B
20240117;100945;6935.000000000;1;9411142439;B
20240117;100945;6935.000000000;10;9411142440;B
20240117;100945;6935.000000000;343;9411142441;B
20240117;100946;6934.500000000;5;9411142549;B
20240117;100948;6934.500000000;3;9411142954;B
20240117;100948;6935.000000000;6;9411142955;B
20240117;100950;6935.000000000;45;9411143059;B
20240117;100950;6935.000000000;6;9411143101;B
20240117;100950;6935.000000000;1;9411143102;B
20240117;100950;6935.000000000;3;9411143103;B
20240117;100950;6933.000000000;15;9411143123;S
20240117;100950;6935.000000000;97;9411143149;B
20240117;100950;6935.000000000;6;9411143150;B
20240117;100950;6935.000000000;10;9411143151;B
20240117;100950;6935.500000000;6;9411143152;B
20240117;100950;6935.500000000;3;9411143153;B
20240117;100950;6935.500000000;4;9411143154;B
20240117;100951;6936.000000000;1;9411143207;B
20240117;100951;6936.000000000;9;9411143209;B
20240117;100951;6936.000000000;6;9411143210;B
20240117;100951;6936.000000000;3;9411143211;B
20240117;100951;6936.500000000;6;9411143212;B
20240117;100951;6936.500000000;5;9411143213;B
20240117;100951;6936.500000000;3;9411143214;B
20240117;100951;6936.500000000;6;9411143215;B
20240117;100951;6937.000000000;42;9411143216;B
20240117;100952;6936.500000000;2;9411143305;B
20240117;100952;6937.000000000;258;9411143322;B
20240117;100952;6937.000000000;6;9411143323;B
20240117;100952;6937.500000000;3;9411143324;B
20240117;100952;6937.500000000;2;9411143325;B
20240117;100952;6938.000000000;6;9411143326;B
20240117;100952;6938.000000000;5;9411143327;B
20240117;100952;6938.000000000;8;9411143328;B
20240117;100952;6938.000000000;26;9411143330;B
20240117;100953;6937.000000000;1;9411143369;S
20240117;100953;6938.000000000;66;9411143372;B
20240117;100953;6938.000000000;10;9411143373;B
20240117;100953;6938.000000000;1;9411143374;B
20240117;100953;6938.000000000;1;9411143375;B
20240117;100953;6938.000000000;5;9411143413;S
20240117;100954;6938.500000000;6;9411143606;B
20240117;100954;6938.500000000;4;9411143607;B
20240117;100954;6939.000000000;6;9411143608;B
20240117;100954;6939.000000000;2;9411143609;B
20240117;100954;6939.000000000;2;9411143610;B
20240117;100954;6939.000000000;2;9411143611;B
20240117;100954;6939.000000000;3;9411143612;B
20240117;100954;6939.000000000;2;9411143613;S
20240117;100954;6939.000000000;10;9411143645;S
20240117;100955;6938.500000000;20;9411143662;S
20240117;100955;6938.000000000;30;9411143663;S
20240117;100955;6938.000000000;1;9411143702;S
20240117;100957;6938.500000000;3;9411143912;B
20240117;100957;6938.500000000;1;9411143913;B
20240117;100958;6938.500000000;1;9411144120;B
20240117;101000;6938.500000000;9;9411144394;B
20240117;101000;6938.500000000;3;9411144395;B
20240117;101000;6939.000000000;15;9411144396;B
20240117;101000;6939.000000000;200;9411144397;B
20240117;101000;6939.500000000;6;9411144398;B
20240117;101000;6939.500000000;150;9411144399;B
20240117;101000;6939.500000000;11;9411144400;B
20240117;101000;6940.000000000;4;9411144401;B
20240117;101000;6940.000000000;40;9411144402;B
20240117;101000;6940.000000000;1;9411144403;B
20240117;101000;6940.000000000;2;9411144404;B
20240117;101000;6940.000000000;200;9411144405;B
20240117;101000;6940.000000000;359;9411144406;S
20240117;101000;6940.000000000;49;9411144407;S
20240117;101000;6940.000000000;2;9411144408;S
20240117;101000;6937.500000000;20;9411144440;S
20240117;101000;6937.500000000;4;9411144441;S
20240117;101000;6940.000000000;15;9411144450;B
20240117;101000;6940.500000000;40;9411144451;B
20240117;101000;6940.500000000;6;9411144452;B
20240117;101000;6941.000000000;2;9411144453;B
20240117;101002;6940.000000000;13;9411144700;B
20240117;101002;6940.000000000;3;9411144701;B
20240117;101005;6939.000000000;8;9411145060;S
20240117;101009;6940.500000000;15;9411145376;B
20240117;101009;6941.000000000;8;9411145377;B
20240117;101009;6941.000000000;5;9411145378;B
20240117;101009;6941.000000000;3;9411145379;B
20240117;101009;6941.000000000;28;9411145380;B
20240117;101010;6940.500000000;3;9411145606;B
20240117;101010;6941.000000000;134;9411145607;B
20240117;101010;6941.500000000;5;9411145608;B
20240117;101010;6941.500000000;6;9411145609;B
20240117;101010;6941.500000000;20;9411145610;B
20240117;101010;6941.500000000;3;9411145611;B
20240117;101010;6942.000000000;5;9411145612;B
20240117;101010;6942.000000000;11;9411145613;B
20240117;101010;6942.500000000;5;9411145614;B
20240117;101010;6943.000000000;5;9411145615;B
20240117;101010;6943.000000000;10;9411145616;B
20240117;101010;6943.500000000;5;9411145617;B
20240117;101010;6943.500000000;1;9411145618;B
20240117;101010;6944.000000000;1;9411145619;B
20240117;101010;6944.000000000;20;9411145620;B
20240117;101010;6944.000000000;5;9411145621;B
20240117;101010;6944.500000000;5;9411145622;B
20240117;101010;6944.500000000;20;9411145623;B
20240117;101010;6945.000000000;1;9411145624;B
20240117;101010;6945.000000000;5;9411145625;B
20240117;101010;6945.000000000;10;9411145626;B
20240117;101010;6945.000000000;11;9411145627;B
20240117;101010;6945.500000000;5;9411145628;B
20240117;101010;6945.500000000;6;9411145629;B
20240117;101010;6946.000000000;10;9411145630;B
20240117;101010;6946.000000000;5;9411145631;B
20240117;101010;6946.500000000;5;9411145632;B
20240117;101010;6946.500000000;1;9411145633;B
20240117;101010;6946.500000000;72;9411145634;B
20240117;101010;6946.500000000;6;9411145635;B
20240117;101010;6946.000000000;15;9411145664;B
20240117;101010;6946.500000000;8;9411145665;B
20240117;101010;6946.500000000;14;9411145667;B
20240117;101010;6947.000000000;5;9411145669;B
20240117;101010;6947.000000000;2;9411145670;B
20240117;101010;6947.000000000;1;9411145671;B
20240117;101010;6947.500000000;5;9411145672;B
20240117;101010;6947.500000000;22;9411145673;B
20240117;101010;6947.000000000;144;9411145689;S
20240117;101010;6947.500000000;4;9411145707;B
20240117;101010;6948.000000000;5;9411145708;B
20240117;101010;6948.000000000;1;9411145709;B
20240117;101010;6948.000000000;10;9411145710;B
20240117;101010;6948.000000000;6;9411145711;B
20240117;101010;6944.500000000;2;9411145715;S
20240117;101011;6945.500000000;13;9411145782;S
20240117;101011;6945.000000000;78;9411145783;S
20240117;101011;6945.000000000;3;9411145784;S
20240117;101011;6944.500000000;64;9411145785;S
20240117;101011;6944.000000000;42;9411145786;S
20240117;101012;6941.000000000;1;9411145980;B
20240117;101012;6941.000000000;7;9411145992;B
20240117;101012;6942.500000000;3;9411145993;B
20240117;101012;6943.000000000;3;9411146025;B
20240117;101012;6943.000000000;15;9411146026;B
20240117;101012;6943.500000000;20;9411146027;B
20240117;101012;6944.500000000;5;9411146028;B
20240117;101012;6944.500000000;26;9411146029;B
20240117;101012;6945.500000000;3;9411146030;B
20240117;101016;6945.000000000;1;9411146434;B
20240117;101016;6945.000000000;3;9411146479;B
20240117;101016;6945.500000000;11;9411146480;B
20240117;101019;6946.000000000;3;9411146970;B
20240117;101019;6946.000000000;15;9411146971;B
20240117;101019;6946.500000000;2;9411146972;B
20240117;101023;6944.500000000;10;9411147438;B
20240117;101025;6944.000000000;1;9411147634;S
20240117;101025;6944.000000000;3;9411147640;B
20240117;101025;6944.000000000;7;9411147641;B
20240117;101027;6944.500000000;15;9411147792;B
20240117;101027;6944.500000000;1;9411147794;B
20240117;101027;6944.500000000;1;9411147885;B
20240117;101027;6944.500000000;9;9411147886;B
20240117;101028;6944.500000000;7;9411147901;B
20240117;101028;6940.500000000;1;9411147986;S
20240117;101033;6944.000000000;2;9411148492;B
20240117;101034;6944.000000000;3;9411148522;B
20240117;101034;6941.000000000;1;9411148575;S
20240117;101034;6940.500000000;3;9411148576;S
20240117;101034;6940.500000000;1;9411148577;S
20240117;101038;6941.000000000;1;9411149022;S
20240117;101043;6943.500000000;2;9411149560;B
20240117;101045;6943.500000000;3;9411149782;B
20240117;101045;6944.000000000;1;9411149783;B
20240117;101045;6944.000000000;2;9411149784;B
20240117;101045;6944.000000000;1;9411149785;B
20240117;101045;6944.000000000;2;9411149786;B
20240117;101045;6944.500000000;1;9411149787;B
20240117;101045;6945.000000000;4;9411149788;B
20240117;101045;6945.000000000;6;9411149789;B
20240117;101049;6942.500000000;2;9411150255;S
20240117;101049;6942.500000000;10;9411150256;S
20240117;101049;6942.500000000;15;9411150257;S
20240117;101049;6942.000000000;30;9411150258;S
20240117;101049;6942.000000000;70;9411150259;S
20240117;101049;6941.000000000;9;9411150260;S
20240117;101049;6941.000000000;40;9411150261;S
20240117;101049;6941.000000000;24;9411150262;B
20240117;101050;6943.500000000;1;9411150315;B
20240117;101050;6944.500000000;2;9411150365;B
20240117;101050;6944.500000000;2;9411150366;B
20240117;101050;6945.000000000;2;9411150367;B
20240117;101051;6945.000000000;1;9411150470;B
20240117;101051;6945.000000000;10;9411150471;B
20240117;101051;6946.000000000;2;9411150472;B
20240117;101051;6946.000000000;23;9411150473;B
20240117;101051;6946.500000000;1;9411150474;B
20240117;101051;6946.500000000;28;9411150475;B
20240117;101051;6946.500000000;20;9411150476;B
20240117;101051;6946.500000000;2;9411150477;B
20240117;101051;6947.000000000;58;9411150478;B
20240117;101052;6944.000000000;1;9411150572;S
20240117;101052;6946.500000000;1;9411150590;B
20240117;101052;6946.500000000;4;9411150716;B
20240117;101052;6946.500000000;11;9411150717;B
20240117;101052;6947.000000000;59;9411150718;B
20240117;101053;6946.500000000;11;9411150801;B
20240117;101053;6946.500000000;2;9411150802;B
20240117;101053;6947.000000000;2;9411150803;B
20240117;101055;6944.000000000;10;9411151116;S
20240117;101056;6945.000000000;79;9411151223;B
20240117;101057;6945.000000000;1;9411151379;B
20240117;101058;6945.000000000;36;9411151521;B
20240117;101100;6945.000000000;10;9411151704;B
20240117;101101;6945.000000000;1;9411151825;B
20240117;101103;6945.000000000;10;9411152093;B
20240117;101104;6945.000000000;2;9411152190;B
20240117;101105;6945.000000000;4;9411152267;B
20240117;101106;6945.000000000;1;9411152339;B
20240117;101107;6945.000000000;1;9411152444;B
20240117;101107;6945.000000000;5;9411152504;B
20240117;101107;6945.000000000;2;9411152505;B
20240117;101107;6945.000000000;9;9411152506;B
20240117;101107;6945.000000000;1;9411152507;B
20240117;101107;6946.000000000;3;9411152508;B
20240117;101107;6946.000000000;3;9411152557;B
20240117;101110;6944.500000000;2;9411153083;S
20240117;101110;6944.500000000;2;9411153084;S
20240117;101110;6944.000000000;1;9411153085;S
20240117;101110;6946.000000000;4;9411153171;B
20240117;101110;6946.000000000;1;9411153172;B
20240117;101110;6946.000000000;2;9411153173;B
20240117;101110;6946.000000000;5;9411153174;S
20240117;101111;6944.000000000;14;9411153535;S
20240117;101111;6943.500000000;6;9411153536;S
20240117;101113;6945.000000000;1;9411153831;B
20240117;101113;6946.000000000;2;9411153832;B
20240117;101113;6946.500000000;2;9411153833;B
20240117;101113;6946.500000000;5;9411153834;B
20240117;101113;6946.500000000;1;9411153835;B
20240117;101113;6946.500000000;13;9411153836;B
20240117;101113;6946.500000000;5;9411153837;S
20240117;101117;6944.000000000;1;9411154288;S
20240117;101117;6946.000000000;15;9411154345;B
20240117;101125;6943.500000000;44;9411155269;S
20240117;101125;6943.500000000;1;9411155270;S
20240117;101125;6943.500000000;2;9411155271;S
20240117;101125;6943.500000000;1;9411155272;S
20240117;101125;6942.000000000;10;9411155273;S
20240117;101125;6941.000000000;42;9411155274;S
20240117;101125;6940.500000000;2;9411155275;S
20240117;101125;6940.500000000;11;9411155276;S
20240117;101125;6940.000000000;4;9411155277;S
20240117;101125;6940.000000000;2;9411155278;S
20240117;101125;6940.000000000;10;9411155279;S
20240117;101125;6940.000000000;4;9411155280;S
20240117;101125;6940.000000000;6;9411155281;S
20240117;101125;6940.000000000;1;9411155282;S
20240117;101125;6939.000000000;42;9411155283;S
20240117;101125;6938.500000000;20;9411155284;S
20240117;101125;6938.000000000;15;9411155285;S
20240117;101125;6937.500000000;11;9411155286;S
20240117;101125;6937.500000000;22;9411155287;S
20240117;101127;6941.500000000;3;9411155531;B
20240117;101129;6941.500000000;5;9411155649;B
20240117;101129;6939.000000000;1;9411155660;S
20240117;101129;6937.000000000;2;9411155661;S
20240117;101129;6936.500000000;1;9411155662;S
20240117;101129;6936.500000000;1;9411155663;S
20240117;101130;6940.500000000;2;9411155711;B
20240117;101130;6940.000000000;1;9411155743;B
20240117;101130;6940.000000000;1;9411155746;B
20240117;101130;6941.000000000;42;9411155747;B
20240117;101130;6941.500000000;20;9411155748;B
20240117;101130;6941.500000000;2;9411155749;B
20240117;101130;6942.500000000;11;9411155750;B
20240117;101130;6944.000000000;42;9411155751;B
20240117;101130;6944.000000000;3;9411155752;B
20240117;101132;6940.500000000;12;9411155893;S
20240117;101132;6940.000000000;25;9411155894;S
20240117;101134;6943.500000000;7;9411156068;B
20240117;101134;6939.500000000;2;9411156072;S
20240117;101134;6939.500000000;1;9411156073;S
20240117;101134;6939.500000000;18;9411156074;S
20240117;101134;6939.000000000;42;9411156075;S
20240117;101134;6938.500000000;2;9411156076;S
20240117;101134;6938.500000000;35;9411156077;S
20240117;101137;6941.500000000;1;9411156317;B
20240117;101137;6941.500000000;2;9411156318;B
20240117;101137;6941.500000000;4;9411156319;S
20240117;101138;6938.500000000;3;9411156457;S
20240117;101138;6938.000000000;2;9411156458;S
20240117;101138;6938.000000000;40;9411156459;S
20240117;101138;6941.500000000;1;9411156478;B
20240117;101140;6937.500000000;11;9411156692;S
20240117;101140;6937.000000000;2;9411156693;S
20240117;101140;6936.500000000;1;9411156694;S
20240117;101140;6936.500000000;2;9411156695;S
20240117;101140;6936.000000000;1;9411156696;S
20240117;101140;6936.000000000;1;9411156697;S
20240117;101140;6936.000000000;64;9411156698;S
20240117;101140;6936.000000000;18;9411156699;S
20240117;101141;6935.500000000;1;9411156796;S
20240117;101144;6938.500000000;1;9411157045;B
20240117;101144;6939.000000000;1;9411157046;B
20240117;101144;6939.000000000;2;9411157047;B
20240117;101144;6939.500000000;6;9411157048;B
20240117;101144;6939.500000000;1;9411157052;B
20240117;101145;6935.500000000;6;9411157115;S
20240117;101147;6935.500000000;55;9411157330;S
20240117;101147;6935.500000000;20;9411157381;S
20240117;101148;6935.500000000;1;9411157416;S
20240117;101152;6938.000000000;2;9411158243;B
20240117;101152;6938.500000000;2;9411158244;B
