<DATE>;<TIME>;<LAST>;<VOL>;<ID>;<OPER>
20240222;095932;7210.000000000;26;9691715553;B
20240222;095932;7210.000000000;10;9691715554;B
20240222;095932;7210.000000000;5;9691715555;B
20240222;095932;7210.000000000;30;9691715556;B
20240222;095932;7210.000000000;5;9691715557;B
20240222;095932;7210.000000000;4;9691715558;B
20240222;095932;7210.000000000;3;9691715559;B
20240222;095932;7210.000000000;7;9691715560;S
20240222;095932;7210.000000000;1;9691715561;S
20240222;095932;7210.000000000;39;9691715562;S
20240222;095932;7210.000000000;2;9691715563;S
20240222;095932;7210.000000000;1;9691715564;S
20240222;095932;7210.000000000;1;9691715565;S
20240222;095932;7210.000000000;1;9691715566;B
20240222;095932;7210.000000000;3;9691715567;B
20240222;095932;7210.000000000;1;9691715568;B
20240222;095932;7210.000000000;7;9691715569;B
20240222;095932;7210.000000000;9;9691715570;B
20240222;095932;7210.000000000;4;9691715571;B
20240222;095932;7210.000000000;2;9691715572;B
20240222;095932;7210.000000000;1;9691715573;B
20240222;095932;7210.000000000;10;9691715574;S
20240222;095932;7210.000000000;10;9691715575;B
20240222;100000;7216.500000000;1;9691721949;B
20240222;100000;7218.500000000;1;9691722000;B
20240222;100000;7218.500000000;1;9691722045;S
20240222;100000;7218.000000000;2;9691722046;S
20240222;100000;7218.000000000;7;9691722047;B
20240222;100000;7218.500000000;4;9691722048;B
20240222;100000;7218.500000000;5;9691722092;B
20240222;100000;7219.000000000;1;9691722104;S
20240222;100000;7219.500000000;1;9691722105;B
20240222;100000;7220.000000000;1;9691722142;B
20240222;100000;7224.500000000;2;9691722232;B
20240222;100000;7220.000000000;3;9691722418;S
20240222;100000;7220.000000000;1;9691722419;S
20240222;100000;7220.500000000;3;9691722429;S
20240222;100000;7220.500000000;7;9691722477;S
20240222;100000;7225.000000000;8;9691722744;B
20240222;100000;7229.500000000;16;9691722840;B
20240222;100001;7228.500000000;7;9691723113;B
20240222;100001;7229.000000000;3;9691723114;B
20240222;100001;7229.500000000;10;9691723248;S
20240222;100001;7229.000000000;5;9691723249;S
20240222;100001;7229.500000000;1;9691723401;S
20240222;100001;7230.000000000;1;9691723433;B
20240222;100001;7229.500000000;9;9691723439;S
20240222;100001;7229.500000000;1;9691723440;S
20240222;100001;7230.000000000;14;9691723630;B
20240222;100001;7230.500000000;3;9691723631;B
20240222;100001;7233.000000000;1;9691723632;B
20240222;100001;7234.000000000;5;9691723633;B
20240222;100001;7234.000000000;1;9691723634;B
20240222;100001;7234.000000000;42;9691723635;B
20240222;100001;7234.000000000;30;9691723636;B
20240222;100001;7234.500000000;100;9691723637;B
20240222;100001;7238.000000000;50;9691723638;B
20240222;100001;7238.500000000;11;9691723639;B
20240222;100001;7238.500000000;18;9691723640;B
20240222;100001;7234.000000000;3;9691723652;B
20240222;100001;7234.000000000;1;9691723657;S
20240222;100001;7237.000000000;64;9691723658;B
20240222;100001;7235.500000000;2;9691723673;B
20240222;100001;7235.500000000;3;9691723712;B
20240222;100001;7237.500000000;10;9691723723;S
20240222;100001;7238.000000000;3;9691723724;B
20240222;100001;7238.000000000;1;9691723834;S
20240222;100001;7238.500000000;2;9691723845;B
20240222;100001;7238.500000000;2;9691724031;S
20240222;100001;7238.000000000;1;9691724032;S
20240222;100001;7238.000000000;4;9691724047;S
20240222;100001;7238.000000000;2;9691724048;S
20240222;100001;7238.000000000;5;9691724049;S
20240222;100001;7238.000000000;3;9691724079;S
20240222;100001;7238.000000000;1;9691724080;S
20240222;100001;7238.000000000;2;9691724105;B
20240222;100001;7237.500000000;4;9691724106;S
20240222;100002;7238.000000000;6;9691724399;B
20240222;100002;7238.000000000;20;9691724714;B
20240222;100002;7232.500000000;27;9691724745;S
20240222;100002;7231.000000000;1;9691724746;S
20240222;100002;7230.500000000;11;9691724747;S
20240222;100002;7230.500000000;3;9691724748;S
20240222;100002;7228.000000000;11;9691724749;S
20240222;100002;7228.000000000;2;9691724757;B
20240222;100002;7228.000000000;2;9691724775;B
20240222;100002;7228.000000000;2;9691724805;B
20240222;100002;7226.500000000;2;9691724808;B
20240222;100002;7227.500000000;2;9691724834;S
20240222;100002;7227.500000000;2;9691724846;S
20240222;100002;7227.500000000;2;9691724851;S
20240222;100002;7227.500000000;2;9691724855;S
20240222;100002;7227.500000000;2;9691724857;S
20240222;100002;7227.500000000;1;9691724864;S
20240222;100002;7228.000000000;1;9691724897;B
20240222;100002;7228.000000000;83;9691725192;B
20240222;100003;7228.000000000;2;9691725402;B
20240222;100004;7229.500000000;2;9691726118;S
20240222;100004;7229.500000000;1;9691726119;S
20240222;100004;7229.000000000;1;9691726120;B
20240222;100004;7225.000000000;1;9691726388;S
20240222;100004;7229.000000000;1;9691726484;B
20240222;100006;7229.000000000;42;9691727302;B
20240222;100006;7229.500000000;4;9691727303;B
20240222;100006;7229.500000000;70;9691727304;B
20240222;100006;7230.000000000;66;9691727305;B
20240222;100006;7233.500000000;5;9691727306;B
20240222;100006;7233.500000000;11;9691727307;B
20240222;100006;7236.500000000;11;9691727308;B
20240222;100006;7237.500000000;17;9691727309;B
20240222;100006;7238.000000000;11;9691727310;B
20240222;100006;7238.000000000;30;9691727311;B
20240222;100006;7238.500000000;55;9691727312;B
20240222;100006;7239.000000000;3;9691727313;B
20240222;100006;7239.000000000;1;9691727314;B
20240222;100006;7239.000000000;50;9691727315;B
20240222;100006;7239.000000000;1;9691727316;B
20240222;100006;7240.000000000;123;9691727317;B
20240222;100006;7229.000000000;11;9691727326;B
20240222;100007;7230.500000000;1;9691728094;S
20240222;100008;7230.500000000;11;9691728839;S
20240222;100008;7230.000000000;4;9691728840;S
20240222;100008;7239.000000000;3;9691729126;B
20240222;100009;7229.000000000;1;9691729988;B
20240222;100009;7234.000000000;5;9691730220;B
20240222;100009;7230.000000000;4;9691730382;S
20240222;100009;7230.000000000;5;9691730383;S
20240222;100009;7225.500000000;1;9691730401;S
20240222;100009;7234.000000000;1;9691730453;B
20240222;100010;7233.500000000;2;9691730968;B
20240222;100010;7233.500000000;1;9691731168;B
20240222;100010;7233.500000000;1;9691731347;B
20240222;100012;7233.500000000;5;9691731876;B
20240222;100017;7232.500000000;8;9691733355;B
20240222;100017;7232.500000000;6;9691733433;B
20240222;100017;7232.500000000;1;9691733549;B
20240222;100019;7231.500000000;5;9691734057;S
20240222;100020;7232.500000000;1;9691734427;B
20240222;100021;7232.500000000;5;9691734600;B
20240222;100021;7232.500000000;6;9691734601;B
20240222;100021;7233.000000000;20;9691734602;B
20240222;100021;7234.000000000;7;9691734603;B
20240222;100021;7234.000000000;6;9691734604;B
20240222;100021;7240.000000000;38;9691734605;B
20240222;100021;7240.000000000;15;9691734606;B
20240222;100021;7240.000000000;1;9691734607;B
20240222;100021;7241.500000000;4;9691734608;B
20240222;100021;7243.000000000;1;9691734609;B
20240222;100021;7244.500000000;40;9691734610;B
20240222;100021;7244.500000000;6;9691734611;B
20240222;100021;7247.000000000;11;9691734614;B
20240222;100021;7247.000000000;28;9691734615;B
20240222;100021;7243.000000000;2;9691734759;B
20240222;100022;7240.500000000;3;9691734809;S
20240222;100023;7242.500000000;1;9691735167;B
20240222;100024;7234.500000000;6;9691735501;S
20240222;100025;7235.500000000;54;9691735525;S
20240222;100025;7235.000000000;11;9691735526;S
20240222;100026;7232.500000000;5;9691735741;S
20240222;100026;7231.500000000;2;9691735742;S
20240222;100026;7231.500000000;4;9691735743;S
20240222;100026;7231.500000000;11;9691735744;S
20240222;100026;7231.000000000;6;9691735745;S
20240222;100026;7231.000000000;27;9691735746;S
20240222;100026;7228.000000000;11;9691735747;S
20240222;100026;7226.500000000;11;9691735748;S
20240222;100026;7225.000000000;40;9691735749;S
20240222;100026;7224.500000000;1;9691735750;S
20240222;100026;7221.000000000;3;9691735751;S
20240222;100026;7226.500000000;19;9691735758;S
20240222;100026;7225.000000000;1;9691735968;S
20240222;100030;7233.000000000;5;9691736682;B
20240222;100030;7227.500000000;1;9691736757;S
20240222;100034;7229.000000000;42;9691737595;B
20240222;100034;7229.000000000;5;9691737596;B
20240222;100034;7229.500000000;28;9691737597;B
20240222;100034;7232.000000000;11;9691737598;B
20240222;100034;7233.500000000;6;9691737599;B
20240222;100034;7234.500000000;1;9691737600;B
20240222;100034;7234.500000000;7;9691737601;B
20240222;100034;7224.500000000;1;9691737721;S
20240222;100034;7224.500000000;1;9691737741;S
20240222;100036;7228.500000000;1;9691738176;B
20240222;100038;7222.500000000;11;9691738503;S
20240222;100038;7222.500000000;4;9691738504;S
20240222;100038;7222.500000000;11;9691738505;S
20240222;100038;7222.000000000;10;9691738506;S
20240222;100038;7221.000000000;11;9691738715;B
20240222;100038;7221.000000000;3;9691738716;B
20240222;100043;7225.500000000;3;9691740060;B
20240222;100045;7225.000000000;1;9691740424;B
20240222;100045;7225.500000000;4;9691740425;B
20240222;100045;7225.500000000;53;9691740571;B
20240222;100045;7226.500000000;1;9691740572;B
20240222;100045;7226.500000000;6;9691740573;B
20240222;100049;7225.000000000;1;9691741550;B
20240222;100050;7224.500000000;1;9691741694;B
20240222;100054;7221.500000000;9;9691742477;S
20240222;100054;7221.000000000;1;9691742478;S
20240222;100054;7220.500000000;15;9691742479;S
20240222;100054;7220.000000000;20;9691742480;S
20240222;100054;7217.000000000;11;9691742481;S
20240222;100054;7216.500000000;60;9691742482;S
20240222;100054;7216.000000000;27;9691742483;S
20240222;100054;7216.000000000;2;9691742484;S
20240222;100054;7215.500000000;11;9691742485;S
20240222;100054;7213.500000000;40;9691742486;S
20240222;100054;7212.000000000;11;9691742487;S
20240222;100054;7211.000000000;41;9691742488;S
20240222;100055;7213.500000000;1;9691742635;S
20240222;100055;7213.500000000;4;9691742645;S
20240222;100055;7213.000000000;24;9691742646;S
20240222;100055;7213.500000000;1;9691742721;B
20240222;100059;7219.500000000;10;9691743625;S
20240222;100059;7219.500000000;7;9691743626;S
20240222;100100;7213.000000000;2;9691743869;S
20240222;100100;7213.000000000;3;9691743870;S
20240222;100101;7220.000000000;1;9691744066;B
20240222;100101;7220.000000000;1;9691744115;B
20240222;100102;7213.500000000;4;9691744189;S
20240222;100104;7218.000000000;6;9691744803;B
20240222;100104;7218.500000000;4;9691744804;B
20240222;100106;7214.500000000;4;9691745250;S
20240222;100106;7214.000000000;6;9691745251;S
20240222;100107;7220.000000000;17;9691745829;B
20240222;100107;7220.000000000;3;9691745830;B
20240222;100107;7221.500000000;90;9691745831;B
20240222;100107;7222.000000000;14;9691745832;B
20240222;100107;7225.500000000;27;9691745833;B
20240222;100107;7226.000000000;11;9691745834;B
20240222;100107;7228.000000000;11;9691745835;B
20240222;100107;7228.500000000;20;9691745836;B
20240222;100107;7230.000000000;10;9691745837;B
20240222;100107;7230.000000000;3;9691745838;B
20240222;100107;7230.000000000;40;9691745839;B
20240222;100107;7231.000000000;12;9691745840;B
20240222;100107;7231.500000000;11;9691745841;B
20240222;100107;7233.000000000;31;9691745842;B
20240222;100107;7232.500000000;8;9691745845;B
20240222;100108;7229.500000000;10;9691746049;B
20240222;100108;7229.500000000;10;9691746051;B
20240222;100108;7229.000000000;7;9691746052;B
20240222;100111;7228.500000000;1;9691746830;B
20240222;100112;7229.500000000;5;9691747182;B
20240222;100112;7224.500000000;3;9691747209;S
20240222;100112;7224.500000000;11;9691747210;S
20240222;100112;7222.500000000;3;9691747211;B
20240222;100112;7222.500000000;32;9691747212;B
20240222;100112;7222.500000000;14;9691747213;B
20240222;100114;7228.000000000;3;9691747518;B
20240222;100117;7222.000000000;10;9691747984;B
20240222;100119;7231.500000000;2;9691748492;B
20240222;100119;7225.000000000;40;9691748651;S
20240222;100119;7221.500000000;1;9691748652;S
20240222;100119;7220.500000000;9;9691748653;S
20240222;100121;7221.000000000;1;9691749110;S
20240222;100121;7220.500000000;1;9691749111;S
20240222;100121;7220.500000000;11;9691749112;S
20240222;100123;7228.500000000;9;9691749401;B
20240222;100123;7222.500000000;2;9691749485;S
20240222;100127;7228.500000000;1;9691750216;B
20240222;100127;7228.000000000;11;9691750392;B
20240222;100129;7228.500000000;16;9691750722;B
20240222;100130;7229.000000000;4;9691751001;B
20240222;100130;7232.000000000;23;9691751002;B
20240222;100130;7233.000000000;21;9691751003;B
20240222;100131;7232.500000000;3;9691751190;B
20240222;100131;7232.000000000;1;9691751227;B
20240222;100131;7232.500000000;22;9691751228;B
20240222;100136;7232.000000000;1;9691752387;B
20240222;100136;7230.000000000;25;9691752446;S
20240222;100136;7228.500000000;25;9691752447;S
20240222;100136;7232.000000000;1;9691752500;B
20240222;100138;7232.000000000;1;9691752813;B
20240222;100138;7232.500000000;29;9691752814;B
20240222;100140;7229.500000000;5;9691753246;S
20240222;100143;7229.000000000;6;9691753742;S
20240222;100143;7232.000000000;2;9691753797;B
20240222;100146;7228.500000000;5;9691754405;S
20240222;100148;7229.000000000;1;9691754815;S
20240222;100148;7232.000000000;8;9691754831;B
20240222;100148;7232.500000000;2;9691754832;B
20240222;100151;7232.500000000;1;9691755437;B
20240222;100151;7232.500000000;3;9691755466;B
20240222;100151;7232.500000000;2;9691755474;B
20240222;100154;7228.500000000;2;9691756062;S
20240222;100201;7228.500000000;5;9691758168;S
20240222;100201;7228.500000000;3;9691758253;S
20240222;100204;7229.000000000;20;9691758734;B
20240222;100204;7230.500000000;30;9691758735;B
20240222;100204;7229.000000000;9;9691758744;S
20240222;100204;7228.500000000;24;9691758745;S
20240222;100204;7230.500000000;2;9691758816;B
20240222;100204;7230.500000000;1;9691758986;B
20240222;100205;7230.500000000;6;9691759254;B
20240222;100214;7228.500000000;51;9691761005;S
20240222;100214;7229.000000000;3;9691761013;B
20240222;100214;7228.500000000;11;9691761108;S
20240222;100214;7229.000000000;9;9691761164;B
20240222;100214;7229.000000000;3;9691761179;B
20240222;100214;7229.000000000;26;9691761230;B
20240222;100215;7229.000000000;1;9691761363;B
20240222;100215;7229.000000000;5;9691761645;B
20240222;100216;7229.000000000;1;9691761814;B
20240222;100216;7229.000000000;1;9691761893;B
20240222;100217;7229.000000000;4;9691762188;B
20240222;100218;7229.000000000;1;9691762217;B
20240222;100218;7229.000000000;1;9691762458;B
20240222;100218;7229.000000000;45;9691762525;B
20240222;100219;7229.000000000;5;9691762608;S
20240222;100219;7230.500000000;1;9691762649;B
20240222;100219;7230.500000000;1;9691762797;B
20240222;100220;7229.000000000;9;9691763095;S
20240222;100220;7229.000000000;5;9691763096;S
20240222;100220;7228.500000000;18;9691763097;S
20240222;100220;7228.500000000;1;9691763098;S
20240222;100220;7228.500000000;2;9691763099;S
20240222;100222;7230.500000000;1;9691763458;B
20240222;100223;7230.500000000;1;9691763634;B
20240222;100223;7230.500000000;1;9691763858;B
20240222;100223;7230.500000000;2;9691763859;B
20240222;100223;7230.500000000;9;9691763909;B
20240222;100225;7228.500000000;18;9691764312;S
20240222;100225;7228.500000000;2;9691764313;S
20240222;100225;7228.500000000;20;9691764314;S
20240222;100225;7228.000000000;1;9691764315;S
20240222;100225;7225.000000000;1;9691764316;S
20240222;100225;7225.000000000;6;9691764317;S
20240222;100225;7223.000000000;3;9691764318;S
20240222;100225;7222.500000000;9;9691764319;S
20240222;100226;7223.000000000;20;9691764547;S
20240222;100226;7222.500000000;7;9691764548;S
20240222;100226;7221.500000000;5;9691764549;S
20240222;100226;7220.500000000;4;9691764550;S
20240222;100226;7220.500000000;4;9691764551;S
20240222;100226;7220.000000000;30;9691764552;S
20240222;100226;7220.000000000;11;9691764553;S
20240222;100226;7218.500000000;1;9691764554;S
20240222;100226;7218.000000000;27;9691764555;S
20240222;100226;7217.000000000;11;9691764556;S
20240222;100226;7215.000000000;19;9691764557;S
20240222;100226;7215.000000000;11;9691764558;S
20240222;100226;7214.000000000;9;9691764559;S
20240222;100226;7225.000000000;11;9691764678;B
20240222;100226;7225.500000000;21;9691764679;B
20240222;100226;7226.500000000;2;9691764680;B
20240222;100226;7227.500000000;11;9691764681;B
20240222;100226;7227.000000000;10;9691764698;B
20240222;100228;7228.000000000;60;9691765263;B
20240222;100228;7228.500000000;5;9691765264;B
20240222;100229;7230.000000000;1;9691765553;B
20240222;100237;7228.500000000;3;9691767502;S
20240222;100238;7230.000000000;3;9691767915;B
20240222;100243;7228.500000000;3;9691769080;S
20240222;100244;7228.500000000;4;9691769373;S
20240222;100244;7228.500000000;3;9691769414;S
20240222;100244;7228.500000000;3;9691769415;S
20240222;100244;7228.500000000;6;9691769416;S
20240222;100244;7228.500000000;3;9691769417;S
20240222;100244;7228.500000000;6;9691769418;S
20240222;100244;7228.500000000;3;9691769419;S
20240222;100244;7228.500000000;1;9691769420;S
20240222;100244;7228.500000000;2;9691769421;S
20240222;100244;7228.500000000;1;9691769422;S
20240222;100244;7228.500000000;12;9691769423;S
20240222;100244;7227.000000000;3;9691769424;S
20240222;100244;7227.000000000;5;9691769425;S
20240222;100244;7227.000000000;1;9691769426;S
20240222;100246;7227.500000000;3;9691769766;S
20240222;100246;7227.500000000;1;9691769861;S
20240222;100246;7227.500000000;11;9691769880;S
20240222;100246;7227.000000000;89;9691769881;S
20240222;100246;7230.000000000;3;9691769930;B
20240222;100247;7227.500000000;1;9691770215;S
20240222;100248;7230.000000000;1;9691770404;B
20240222;100248;7230.000000000;10;9691770420;B
20240222;100249;7230.000000000;1;9691770631;B
20240222;100251;7227.500000000;1;9691771011;S
20240222;100252;7230.000000000;1;9691771119;B
20240222;100252;7229.000000000;1;9691771166;S
20240222;100254;7230.000000000;1;9691771596;B
20240222;100254;7230.000000000;4;9691771725;B
20240222;100254;7230.000000000;2;9691771726;B
20240222;100254;7230.000000000;15;9691771727;B
20240222;100254;7230.000000000;4;9691771728;B
20240222;100254;7230.000000000;9;9691771839;B
20240222;100255;7230.000000000;9;9691771976;B
20240222;100256;7230.000000000;128;9691772468;B
20240222;100256;7231.000000000;50;9691772469;B
20240222;100256;7231.000000000;25;9691772470;B
20240222;100256;7232.000000000;1;9691772471;B
20240222;100256;7232.000000000;2;9691772472;B
20240222;100256;7232.500000000;4;9691772473;B
20240222;100300;7232.500000000;46;9691773335;B
20240222;100300;7233.000000000;24;9691773336;B
20240222;100301;7232.500000000;5;9691773509;B
20240222;100301;7233.000000000;3;9691773510;B
20240222;100305;7232.000000000;2;9691774535;B
20240222;100307;7232.000000000;8;9691774968;B
20240222;100308;7230.000000000;1;9691775149;S
20240222;100310;7230.000000000;13;9691775532;S
20240222;100310;7232.500000000;1;9691775638;B
20240222;100312;7233.000000000;10;9691776047;B
20240222;100312;7233.000000000;8;9691776090;B
20240222;100313;7233.000000000;1;9691776102;B
20240222;100316;7230.500000000;1;9691777052;S
20240222;100317;7230.500000000;6;9691777217;S
20240222;100317;7230.500000000;14;9691777218;S
20240222;100317;7233.000000000;5;9691777259;B
20240222;100322;7233.000000000;47;9691778490;B
20240222;100322;7233.500000000;10;9691778491;B
20240222;100322;7235.500000000;6;9691778492;B
20240222;100322;7236.500000000;20;9691778493;B
20240222;100322;7237.500000000;3;9691778494;B
20240222;100322;7238.500000000;14;9691778495;B
20240222;100323;7238.000000000;1;9691778573;B
20240222;100323;7233.000000000;2;9691778821;S
20240222;100323;7233.000000000;1;9691778822;S
20240222;100327;7239.000000000;3;9691780192;B
20240222;100330;7235.500000000;5;9691780895;S
20240222;100330;7235.000000000;1;9691780896;S
20240222;100331;7239.000000000;6;9691781131;B
20240222;100332;7239.000000000;1;9691781344;B
20240222;100334;7235.000000000;1;9691781720;S
20240222;100334;7234.500000000;5;9691781721;S
20240222;100337;7239.000000000;1;9691782339;B
20240222;100339;7235.000000000;2;9691782909;S
20240222;100339;7234.500000000;4;9691782910;S
20240222;100340;7239.500000000;9;9691783066;B
20240222;100340;7240.000000000;25;9691783067;B
20240222;100340;7240.000000000;58;9691783068;B
20240222;100340;7240.000000000;5;9691783069;B
20240222;100340;7240.000000000;2;9691783070;B
20240222;100340;7240.500000000;1;9691783071;B
20240222;100340;7240.500000000;5;9691783151;B
20240222;100340;7241.500000000;4;9691783152;B
20240222;100340;7241.500000000;19;9691783153;B
20240222;100343;7240.000000000;1;9691783675;S
20240222;100349;7243.500000000;1;9691785065;B
20240222;100351;7240.500000000;4;9691785572;S
20240222;100352;7241.000000000;1;9691785746;B
20240222;100352;7241.000000000;1;9691785882;B
20240222;100352;7242.500000000;1;9691785883;B
20240222;100356;7244.000000000;1;9691786684;B
20240222;100356;7244.500000000;27;9691786685;B
20240222;100356;7245.000000000;4;9691786686;B
20240222;100356;7245.000000000;6;9691786687;B
20240222;100356;7245.000000000;20;9691786688;B
20240222;100356;7246.000000000;1;9691786689;B
20240222;100356;7247.500000000;1;9691786690;B
20240222;100356;7248.000000000;1;9691786691;B
20240222;100356;7248.500000000;11;9691786692;B
20240222;100356;7249.000000000;3;9691786693;B
20240222;100356;7249.000000000;4;9691786694;B
20240222;100356;7249.500000000;1;9691786695;B
20240222;100356;7249.500000000;1;9691786696;B
20240222;100356;7250.000000000;4;9691786697;B
20240222;100356;7249.500000000;6;9691786698;B
20240222;100356;7249.000000000;6;9691786699;S
20240222;100356;7248.500000000;1;9691786754;B
20240222;100356;7247.000000000;9;9691786817;B
20240222;100356;7246.500000000;2;9691786878;B
20240222;100357;7242.000000000;1;9691786978;S
20240222;100357;7241.500000000;6;9691786979;S
20240222;100401;7243.500000000;1;9691788104;B
20240222;100404;7246.000000000;42;9691788944;B
20240222;100404;7246.000000000;27;9691788945;B
20240222;100404;7248.000000000;1;9691788946;B
20240222;100404;7248.000000000;20;9691788947;B
20240222;100404;7248.500000000;11;9691788948;B
20240222;100404;7249.000000000;1;9691788949;B
20240222;100404;7250.000000000;4;9691788950;B
20240222;100404;7250.000000000;6;9691788951;B
20240222;100404;7250.000000000;6;9691788952;B
20240222;100404;7250.000000000;6;9691788953;B
20240222;100404;7250.000000000;4;9691788954;B
20240222;100404;7250.000000000;4;9691788955;B
20240222;100404;7250.000000000;3;9691788956;B
20240222;100404;7251.000000000;11;9691788957;B
20240222;100404;7251.500000000;2;9691788958;B
20240222;100404;7252.000000000;2;9691788959;B
20240222;100404;7252.500000000;11;9691788960;B
20240222;100404;7254.500000000;1;9691788961;B
20240222;100404;7255.500000000;4;9691788962;B
20240222;100404;7255.500000000;6;9691788963;B
20240222;100404;7256.000000000;10;9691788964;B
20240222;100404;7256.000000000;10;9691788965;B
20240222;100404;7256.000000000;1;9691788966;B
20240222;100404;7256.500000000;1;9691788967;B
20240222;100404;7256.500000000;1;9691788968;B
20240222;100404;7256.500000000;5;9691788969;B
20240222;100404;7251.500000000;3;9691789091;B
20240222;100404;7251.500000000;1;9691789100;B
20240222;100405;7251.500000000;1;9691789128;B
20240222;100405;7251.500000000;5;9691789143;B
20240222;100405;7251.500000000;17;9691789262;B
20240222;100405;7252.000000000;1;9691789263;B
20240222;100405;7254.500000000;7;9691789264;B
20240222;100409;7250.500000000;3;9691790026;B
20240222;100410;7250.000000000;1;9691790063;S
20240222;100411;7250.000000000;4;9691790440;S
20240222;100411;7249.000000000;7;9691790580;B
20240222;100411;7249.500000000;42;9691790581;B
20240222;100411;7249.500000000;20;9691790582;B
20240222;100411;7250.000000000;7;9691790583;B
20240222;100411;7250.000000000;27;9691790584;B
20240222;100411;7250.500000000;3;9691790585;B
20240222;100411;7255.500000000;6;9691790586;B
20240222;100412;7254.000000000;1;9691790701;B
20240222;100412;7252.000000000;1;9691790943;B
20240222;100412;7252.500000000;42;9691790944;B
20240222;100412;7252.500000000;7;9691790945;B
20240222;100415;7244.500000000;2;9691791419;S
20240222;100415;7250.000000000;1;9691791427;B
20240222;100415;7251.000000000;19;9691791428;B
20240222;100415;7251.000000000;1;9691791449;B
20240222;100415;7251.500000000;9;9691791450;B
20240222;100417;7252.500000000;1;9691792065;B
20240222;100419;7247.000000000;1;9691792549;B
20240222;100419;7248.000000000;20;9691792550;B
20240222;100419;7251.000000000;27;9691792551;B
20240222;100419;7252.500000000;1;9691792552;B
20240222;100419;7253.500000000;10;9691792553;B
20240222;100419;7254.500000000;11;9691792554;B
20240222;100419;7247.000000000;5;9691792659;S
20240222;100421;7253.500000000;42;9691793510;B
20240222;100421;7254.000000000;23;9691793511;B
20240222;100421;7255.000000000;15;9691793512;B
20240222;100421;7255.500000000;31;9691793513;B
20240222;100421;7255.500000000;27;9691793514;B
20240222;100421;7256.000000000;11;9691793515;B
20240222;100421;7256.000000000;16;9691793516;B
20240222;100426;7256.000000000;5;9691794554;B
20240222;100428;7254.500000000;1;9691795154;B
20240222;100430;7252.500000000;3;9691795517;S
20240222;100430;7252.000000000;10;9691795518;S
20240222;100430;7251.000000000;1;9691795519;S
20240222;100430;7250.000000000;55;9691795520;S
20240222;100430;7250.000000000;10;9691795521;B
20240222;100430;7250.000000000;5;9691795582;B
20240222;100431;7250.000000000;50;9691795839;B
20240222;100433;7249.500000000;12;9691796277;B
20240222;100433;7250.000000000;66;9691796278;B
20240222;100433;7250.000000000;19;9691796279;B
20240222;100435;7250.000000000;3;9691797000;B
20240222;100435;7247.500000000;2;9691797025;S
20240222;100436;7250.000000000;5;9691797313;B
20240222;100436;7250.000000000;20;9691797347;B
20240222;100436;7250.000000000;10;9691797349;B
20240222;100436;7250.000000000;30;9691797350;B
20240222;100436;7250.000000000;10;9691797351;B
20240222;100437;7250.000000000;3;9691797433;B
20240222;100437;7250.000000000;1;9691797434;B
20240222;100437;7250.500000000;3;9691797435;B
20240222;100437;7250.500000000;11;9691797436;B
20240222;100437;7252.000000000;1;9691797437;S
20240222;100437;7252.000000000;1;9691797438;S
20240222;100437;7247.000000000;11;9691797532;S
20240222;100437;7246.500000000;4;9691797533;S
20240222;100437;7246.500000000;12;9691797534;S
20240222;100437;7245.000000000;11;9691797535;S
20240222;100437;7244.000000000;27;9691797536;S
20240222;100437;7249.500000000;1;9691797581;B
20240222;100437;7244.500000000;1;9691797653;S
20240222;100437;7244.000000000;11;9691797654;S
20240222;100437;7243.500000000;11;9691797655;S
20240222;100439;7249.500000000;1;9691797921;B
20240222;100439;7249.500000000;50;9691798007;B
20240222;100439;7249.500000000;9;9691798010;B
20240222;100439;7245.000000000;1;9691798039;S
20240222;100441;7249.500000000;1;9691798354;B
20240222;100441;7250.000000000;8;9691798391;B
20240222;100441;7250.000000000;9;9691798561;B
20240222;100441;7250.000000000;10;9691798562;B
20240222;100443;7250.000000000;1;9691798864;B
20240222;100443;7250.000000000;5;9691798881;B
20240222;100444;7245.500000000;6;9691799223;S
20240222;100444;7245.000000000;2;9691799224;S
20240222;100444;7245.000000000;7;9691799239;S
20240222;100446;7245.500000000;3;9691799671;S
20240222;100446;7245.500000000;2;9691799672;S
20240222;100448;7246.500000000;1;9691800195;B
20240222;100448;7246.500000000;1;9691800196;B
20240222;100448;7249.500000000;1;9691800199;S
20240222;100449;7249.500000000;3;9691800433;S
20240222;100449;7249.000000000;2;9691800467;B
20240222;100450;7245.500000000;2;9691800607;S
20240222;100450;7245.000000000;12;9691800608;S
20240222;100451;7249.000000000;1;9691800952;B
20240222;100452;7249.000000000;1;9691801073;B
20240222;100452;7245.500000000;1;9691801121;S
20240222;100452;7245.000000000;1;9691801122;S
20240222;100452;7245.000000000;11;9691801123;S
20240222;100452;7244.500000000;7;9691801124;S
20240222;100452;7249.000000000;7;9691801223;B
20240222;100453;7250.000000000;5;9691801290;B
20240222;100457;7250.000000000;15;9691802378;B
20240222;100458;7250.000000000;9;9691802548;B
20240222;100459;7250.000000000;2;9691802900;B
20240222;100500;7250.000000000;1;9691803099;B
20240222;100501;7249.500000000;5;9691803310;S
20240222;100501;7249.500000000;8;9691803410;S
20240222;100501;7249.500000000;10;9691803411;S
20240222;100501;7249.500000000;25;9691803412;S
20240222;100502;7250.000000000;5;9691803485;B
20240222;100502;7251.500000000;15;9691803486;B
20240222;100502;7252.500000000;27;9691803487;B
20240222;100502;7253.000000000;13;9691803488;B
20240222;100502;7252.500000000;1;9691803497;S
20240222;100502;7252.500000000;1;9691803498;S
20240222;100502;7252.500000000;2;9691803499;S
20240222;100502;7252.500000000;8;9691803502;S
20240222;100502;7252.500000000;2;9691803503;S
20240222;100502;7252.500000000;3;9691803504;S
20240222;100502;7254.000000000;1;9691803633;B
20240222;100510;7254.500000000;2;9691805493;B
20240222;100510;7252.500000000;1;9691805624;B
20240222;100510;7250.000000000;1;9691805670;S
20240222;100514;7250.000000000;2;9691806433;S
20240222;100515;7250.500000000;5;9691806606;B
20240222;100516;7251.500000000;5;9691806759;B
20240222;100516;7252.000000000;2;9691806787;B
20240222;100516;7252.000000000;9;9691806905;B
20240222;100516;7252.500000000;1;9691806906;B
20240222;100518;7250.000000000;8;9691807198;S
20240222;100518;7249.500000000;1;9691807200;S
20240222;100519;7249.500000000;7;9691807466;S
20240222;100519;7248.000000000;1;9691807467;S
20240222;100519;7247.500000000;20;9691807468;S
20240222;100520;7244.500000000;3;9691807618;S
20240222;100520;7249.500000000;9;9691807722;B
20240222;100520;7249.500000000;20;9691807723;B
20240222;100520;7250.000000000;22;9691807724;B
20240222;100520;7250.000000000;24;9691807725;S
20240222;100522;7246.000000000;5;9691808185;S
20240222;100523;7251.000000000;3;9691808359;B
20240222;100523;7251.000000000;2;9691808360;B
20240222;100524;7246.500000000;20;9691808431;S
20240222;100524;7246.500000000;8;9691808491;S
20240222;100525;7246.000000000;3;9691808718;S
20240222;100526;7245.500000000;1;9691808940;S
20240222;100529;7245.000000000;1;9691809367;S
20240222;100532;7244.000000000;8;9691810050;S
20240222;100532;7244.000000000;1;9691810121;S
20240222;100535;7244.000000000;20;9691810764;S
20240222;100535;7244.000000000;3;9691810875;S
20240222;100536;7244.500000000;1;9691811011;B
20240222;100536;7244.000000000;50;9691811109;S
20240222;100537;7244.000000000;8;9691811199;S
20240222;100537;7244.000000000;1;9691811200;S
20240222;100537;7244.000000000;1;9691811290;S
20240222;100537;7244.000000000;5;9691811375;S
20240222;100538;7244.000000000;3;9691811485;S
20240222;100541;7244.000000000;50;9691811963;S
20240222;100541;7244.000000000;6;9691812018;S
20240222;100542;7244.000000000;144;9691812171;S
20240222;100542;7243.500000000;46;9691812172;S
20240222;100542;7243.500000000;2;9691812173;S
20240222;100542;7243.500000000;41;9691812174;S
20240222;100542;7243.000000000;8;9691812175;S
20240222;100542;7241.000000000;1;9691812224;S
20240222;100542;7240.500000000;3;9691812225;S
20240222;100542;7240.000000000;2;9691812226;S
20240222;100542;7240.000000000;8;9691812227;S
20240222;100543;7240.000000000;1;9691812484;S
20240222;100543;7242.000000000;3;9691812662;B
20240222;100543;7242.000000000;7;9691812682;S
20240222;100543;7242.500000000;4;9691812684;B
20240222;100544;7240.000000000;1;9691812823;S
20240222;100544;7240.000000000;30;9691812845;S
20240222;100544;7240.000000000;1;9691813269;S
20240222;100544;7240.000000000;56;9691813271;S
20240222;100544;7240.000000000;43;9691813379;S
20240222;100544;7240.000000000;1;9691813380;S
20240222;100544;7240.000000000;2;9691813381;S
20240222;100544;7240.000000000;10;9691813382;S
20240222;100544;7240.000000000;1;9691813383;S
20240222;100544;7240.000000000;5;9691813384;S
20240222;100544;7239.500000000;11;9691813385;S
20240222;100544;7239.500000000;3;9691813386;S
20240222;100544;7239.000000000;10;9691813387;S
20240222;100544;7239.000000000;1;9691813388;S
20240222;100544;7237.000000000;2;9691813389;S
20240222;100544;7236.500000000;11;9691813390;S
20240222;100544;7236.500000000;8;9691813398;S
20240222;100544;7236.500000000;1;9691814048;S
20240222;100544;7235.000000000;4;9691814061;S
20240222;100544;7234.500000000;1;9691814062;S
20240222;100544;7234.000000000;11;9691814063;S
20240222;100544;7233.500000000;3;9691814064;S
20240222;100544;7233.000000000;7;9691814065;S
20240222;100544;7232.000000000;11;9691814066;S
20240222;100544;7231.000000000;6;9691814067;S
20240222;100544;7235.500000000;2;9691814098;B
20240222;100545;7232.000000000;1;9691814180;S
20240222;100545;7235.500000000;1;9691814468;B
20240222;100546;7232.000000000;1;9691815061;S
20240222;100546;7234.000000000;2;9691815301;B
20240222;100546;7234.000000000;15;9691815492;B
20240222;100547;7232.000000000;1;9691815907;S
20240222;100547;7233.500000000;1;9691816062;B
20240222;100547;7234.000000000;2;9691816345;B
20240222;100548;7234.000000000;4;9691816545;B
20240222;100548;7234.000000000;5;9691816732;B
20240222;100549;7231.000000000;3;9691816828;S
20240222;100549;7231.000000000;11;9691816829;S
20240222;100550;7233.500000000;2;9691817013;B
20240222;100550;7231.000000000;1;9691817042;S
20240222;100552;7233.500000000;6;9691817508;B
20240222;100553;7230.500000000;2;9691817709;S
20240222;100555;7233.000000000;2;9691817989;B
20240222;100555;7230.500000000;1;9691818062;S
20240222;100555;7230.500000000;8;9691818063;S
20240222;100555;7230.500000000;91;9691818064;S
20240222;100556;7231.500000000;3;9691818380;B
20240222;100556;7232.500000000;3;9691818465;B
20240222;100559;7232.500000000;8;9691819085;B
20240222;100559;7232.500000000;20;9691819086;B
20240222;100559;7233.000000000;4;9691819087;B
20240222;100559;7233.500000000;18;9691819088;B
20240222;100601;7233.500000000;1;9691819493;B
20240222;100606;7233.000000000;3;9691820366;B
20240222;100606;7233.500000000;2;9691820367;B
20240222;100606;7233.500000000;3;9691820368;B
20240222;100609;7233.500000000;8;9691820792;B
20240222;100609;7233.500000000;2;9691820793;B
20240222;100611;7232.000000000;1;9691820996;S
20240222;100611;7233.500000000;1;9691821037;B
20240222;100611;7233.500000000;7;9691821053;B
20240222;100611;7233.500000000;1;9691821132;B
20240222;100611;7233.500000000;4;9691821138;B
20240222;100611;7233.500000000;1;9691821139;B
20240222;100612;7234.000000000;2;9691821187;S
20240222;100614;7234.000000000;1;9691821854;S
20240222;100615;7237.000000000;1;9691822136;B
20240222;100621;7238.500000000;1;9691823711;S
20240222;100621;7237.000000000;5;9691823712;S
20240222;100621;7236.000000000;2;9691823713;S
20240222;100621;7240.500000000;10;9691823775;B
20240222;100621;7240.500000000;1;9691823784;B
20240222;100621;7239.000000000;4;9691823796;S
20240222;100622;7240.500000000;2;9691823896;B
20240222;100622;7240.500000000;4;9691824046;B
20240222;100622;7240.500000000;1;9691824047;B
20240222;100623;7236.500000000;4;9691824207;S
20240222;100623;7240.500000000;7;9691824249;B
20240222;100623;7237.000000000;50;9691824276;S
20240222;100629;7241.000000000;1;9691825927;B
20240222;100629;7241.000000000;5;9691825928;B
20240222;100629;7241.000000000;4;9691825929;B
20240222;100629;7241.500000000;21;9691825930;B
20240222;100629;7242.000000000;14;9691825931;B
20240222;100630;7238.500000000;25;9691826111;S
20240222;100630;7237.000000000;10;9691826112;S
20240222;100630;7236.500000000;20;9691826113;S
20240222;100630;7233.500000000;130;9691826114;S
20240222;100630;7233.500000000;26;9691826115;S
20240222;100630;7233.000000000;89;9691826116;S
20240222;100634;7237.000000000;1;9691826907;B
20240222;100634;7233.500000000;4;9691827004;B
20240222;100635;7237.500000000;4;9691827070;B
20240222;100635;7237.500000000;3;9691827071;B
20240222;100635;7238.000000000;11;9691827072;B
20240222;100635;7238.000000000;20;9691827073;B
20240222;100635;7238.000000000;4;9691827074;B
20240222;100637;7238.000000000;30;9691827548;S
20240222;100641;7238.000000000;4;9691828397;S
20240222;100641;7238.000000000;1;9691828398;S
20240222;100643;7238.500000000;6;9691828656;B
20240222;100644;7238.500000000;30;9691829030;B
20240222;100645;7238.500000000;3;9691829174;B
20240222;100647;7238.500000000;2;9691829756;B
20240222;100649;7238.000000000;12;9691830013;S
20240222;100649;7237.500000000;30;9691830014;S
20240222;100651;7234.500000000;1;9691830284;B
20240222;100651;7232.000000000;2;9691830349;S
20240222;100651;7234.000000000;3;9691830393;B
20240222;100653;7232.000000000;2;9691830858;S
20240222;100654;7232.500000000;1;9691830977;B
20240222;100654;7232.000000000;5;9691831024;S
20240222;100654;7232.000000000;2;9691831239;S
20240222;100655;7231.500000000;2;9691831498;B
20240222;100658;7230.500000000;1;9691832057;S
20240222;100658;7230.500000000;1;9691832083;B
20240222;100658;7231.000000000;1;9691832097;B
20240222;100702;7230.000000000;2;9691832880;S
20240222;100703;7230.000000000;8;9691833074;S
20240222;100703;7230.000000000;2;9691833075;S
20240222;100703;7230.000000000;5;9691833103;S
20240222;100703;7230.000000000;1;9691833104;S
20240222;100703;7230.000000000;6;9691833117;S
20240222;100705;7230.000000000;25;9691833356;S
20240222;100708;7230.000000000;11;9691834006;S
20240222;100708;7230.000000000;2;9691834007;S
20240222;100708;7230.000000000;1;9691834008;S
20240222;100708;7230.000000000;1;9691834009;S
20240222;100708;7230.000000000;1;9691834010;S
20240222;100708;7230.000000000;5;9691834011;S
20240222;100708;7230.000000000;1;9691834012;S
20240222;100708;7229.000000000;2;9691834013;S
20240222;100708;7228.500000000;3;9691834021;S
20240222;100708;7228.000000000;3;9691834022;S
20240222;100709;7228.500000000;1;9691834290;B
20240222;100717;7228.500000000;4;9691836029;B
20240222;100717;7229.000000000;1;9691836030;B
20240222;100717;7229.000000000;5;9691836031;B
20240222;100719;7229.000000000;9;9691836599;B
20240222;100719;7229.000000000;1;9691836654;B
20240222;100719;7229.500000000;2;9691836655;B
20240222;100722;7230.000000000;1;9691837268;B
20240222;100724;7229.000000000;2;9691837616;S
20240222;100724;7229.000000000;3;9691837675;S
20240222;100724;7228.500000000;25;9691837676;S
20240222;100725;7230.000000000;26;9691837800;B
20240222;100725;7230.000000000;6;9691837801;B
20240222;100725;7230.000000000;4;9691837802;B
20240222;100725;7231.000000000;14;9691837803;B
20240222;100725;7230.000000000;5;9691837951;S
20240222;100728;7230.000000000;6;9691838423;S
20240222;100729;7230.500000000;3;9691838499;B
20240222;100730;7231.000000000;2;9691838706;B
20240222;100730;7230.000000000;26;9691838744;S
20240222;100730;7230.000000000;1;9691838745;S
20240222;100730;7229.000000000;4;9691838746;S
20240222;100731;7230.000000000;11;9691838822;B
20240222;100731;7230.500000000;9;9691838823;B
20240222;100739;7228.500000000;5;9691840638;S
20240222;100742;7227.000000000;1;9691841042;S
20240222;100742;7226.500000000;4;9691841043;S
20240222;100742;7228.500000000;3;9691841119;B
20240222;100742;7226.500000000;1;9691841178;S
20240222;100745;7228.000000000;3;9691841561;B
20240222;100745;7228.000000000;1;9691841562;B
20240222;100745;7228.000000000;4;9691841563;B
20240222;100745;7228.500000000;11;9691841564;B
20240222;100745;7229.000000000;20;9691841565;B
20240222;100745;7229.500000000;27;9691841566;B
20240222;100745;7230.000000000;1;9691841567;B
20240222;100745;7230.000000000;10;9691841568;B
20240222;100745;7230.500000000;68;9691841569;B
20240222;100745;7231.000000000;33;9691841570;B
20240222;100745;7231.000000000;1;9691841571;B
20240222;100745;7231.000000000;11;9691841572;B
20240222;100745;7234.500000000;11;9691841573;B
20240222;100745;7235.500000000;20;9691841574;B
20240222;100745;7236.500000000;11;9691841575;B
20240222;100745;7238.000000000;60;9691841576;B
20240222;100745;7238.500000000;8;9691841577;B
20240222;100745;7237.000000000;6;9691841579;S
20240222;100745;7237.000000000;4;9691841580;S
20240222;100747;7231.000000000;14;9691842122;S
20240222;100748;7235.500000000;4;9691842214;B
20240222;100749;7231.000000000;20;9691842430;S
20240222;100755;7230.000000000;1;9691843425;B
20240222;100755;7230.000000000;1;9691843565;B
20240222;100757;7230.000000000;4;9691844103;B
20240222;100800;7230.000000000;5;9691844652;B
20240222;100802;7230.000000000;3;9691845003;B
20240222;100803;7230.000000000;3;9691845107;B
20240222;100805;7228.000000000;2;9691845512;S
20240222;100805;7227.500000000;4;9691845513;S
20240222;100805;7227.000000000;11;9691845514;S
20240222;100805;7226.500000000;24;9691845515;S
20240222;100805;7225.000000000;14;9691845516;S
20240222;100810;7223.500000000;1;9691846550;S
20240222;100810;7222.500000000;3;9691846551;S
20240222;100810;7222.500000000;36;9691846552;S
20240222;100810;7226.000000000;1;9691846566;B
20240222;100811;7222.500000000;3;9691846617;S
20240222;100811;7226.000000000;1;9691846639;B
20240222;100811;7226.000000000;1;9691846667;B
20240222;100813;7225.500000000;1;9691847099;B
20240222;100813;7226.000000000;3;9691847100;B
20240222;100813;7226.500000000;9;9691847101;B
20240222;100813;7227.000000000;50;9691847102;B
20240222;100813;7227.000000000;1;9691847103;B
20240222;100813;7227.500000000;44;9691847104;B
20240222;100813;7229.000000000;11;9691847105;B
20240222;100815;7229.000000000;7;9691847383;S
20240222;100816;7229.500000000;1;9691847538;B
20240222;100816;7229.500000000;3;9691847539;B
20240222;100816;7230.000000000;6;9691847540;B
20240222;100818;7229.500000000;3;9691847829;S
20240222;100818;7229.000000000;47;9691847830;S
20240222;100819;7229.000000000;1;9691847931;S
20240222;100820;7229.000000000;50;9691848103;S
20240222;100821;7229.500000000;1;9691848281;B
20240222;100822;7229.000000000;50;9691848428;S
20240222;100824;7229.000000000;1;9691848879;S
20240222;100824;7229.000000000;5;9691848886;S
20240222;100824;7230.000000000;7;9691848917;B
20240222;100824;7230.000000000;3;9691848918;B
20240222;100828;7230.000000000;1;9691849618;B
20240222;100828;7229.000000000;1;9691849656;S
20240222;100833;7229.000000000;50;9691850478;S
20240222;100834;7229.000000000;69;9691850579;S
20240222;100834;7229.000000000;5;9691850580;S
20240222;100835;7225.000000000;5;9691850872;S
20240222;100835;7223.000000000;4;9691850873;S
20240222;100835;7223.000000000;21;9691850874;S
20240222;100840;7227.000000000;2;9691851874;B
20240222;100845;7226.000000000;1;9691852599;B
20240222;100845;7226.000000000;4;9691852600;B
20240222;100845;7222.000000000;5;9691852670;S
20240222;100846;7222.000000000;30;9691853066;S
20240222;100847;7225.500000000;10;9691853186;B
20240222;100847;7225.500000000;9;9691853187;B
20240222;100847;7225.500000000;5;9691853188;B
20240222;100847;7225.500000000;27;9691853189;B
20240222;100847;7226.000000000;7;9691853190;B
20240222;100847;7227.500000000;7;9691853191;S
20240222;100847;7228.000000000;5;9691853192;B
20240222;100849;7227.500000000;1;9691853628;S
20240222;100850;7227.500000000;50;9691853686;S
20240222;100852;7227.500000000;2;9691854362;S
20240222;100853;7227.500000000;1;9691854611;S
20240222;100856;7228.000000000;1;9691855319;B
20240222;100859;7227.500000000;6;9691855884;S
20240222;100859;7227.500000000;19;9691855885;S
20240222;100900;7228.000000000;1;9691856017;B
20240222;100902;7227.500000000;1;9691856446;S
20240222;100903;7225.000000000;1;9691856522;S
20240222;100903;7226.000000000;4;9691856567;B
20240222;100903;7226.500000000;1;9691856568;B
20240222;100907;7226.500000000;5;9691857333;B
20240222;100908;7225.000000000;2;9691857517;S
20240222;100908;7224.000000000;3;9691857518;S
20240222;100909;7226.500000000;1;9691857685;B
20240222;100910;7223.000000000;1;9691857822;S
20240222;100910;7223.000000000;19;9691857823;S
20240222;100912;7222.500000000;3;9691858184;S
20240222;100912;7222.500000000;20;9691858185;S
20240222;100912;7221.500000000;27;9691858186;S
20240222;100912;7221.500000000;7;9691858288;S
20240222;100912;7221.500000000;7;9691858289;S
20240222;100914;7221.500000000;13;9691858576;S
20240222;100914;7221.500000000;7;9691858577;S
20240222;100914;7221.000000000;3;9691858578;S
20240222;100914;7220.000000000;10;9691858579;S
20240222;100914;7219.000000000;2;9691858580;S
20240222;100914;7219.000000000;1;9691858581;S
20240222;100914;7218.500000000;39;9691858582;S
20240222;100914;7218.000000000;11;9691858583;S
20240222;100914;7217.500000000;164;9691858584;S
20240222;100914;7219.000000000;1;9691858599;S
20240222;100914;7215.500000000;1;9691858600;S
20240222;100914;7215.500000000;2;9691858601;S
20240222;100914;7216.500000000;6;9691858703;S
20240222;100914;7216.500000000;20;9691858704;S
20240222;100914;7216.000000000;3;9691858705;S
20240222;100914;7215.500000000;1;9691858706;S
20240222;100917;7216.500000000;1;9691858998;S
20240222;100917;7216.500000000;14;9691858999;S
20240222;100918;7220.000000000;1;9691859197;B
20240222;100919;7220.000000000;5;9691859269;B
20240222;100920;7216.000000000;3;9691859425;S
20240222;100920;7216.000000000;20;9691859426;S
20240222;100920;7215.500000000;5;9691859427;S
20240222;100920;7215.000000000;22;9691859428;S
20240222;100921;7215.500000000;8;9691859546;S
20240222;100921;7215.500000000;20;9691859547;S
20240222;100921;7215.000000000;8;9691859548;S
20240222;100921;7215.000000000;1;9691859549;S
20240222;100921;7214.500000000;11;9691859550;S
20240222;100921;7214.500000000;3;9691859551;S
20240222;100921;7214.000000000;9;9691859552;B
20240222;100921;7214.000000000;24;9691859553;B
20240222;100921;7214.000000000;16;9691859554;B
20240222;100925;7216.000000000;3;9691860137;S
20240222;100925;7216.000000000;18;9691860138;S
20240222;100926;7219.000000000;5;9691860243;B
20240222;100928;7217.500000000;1;9691860717;S
20240222;100928;7217.000000000;2;9691860718;S
20240222;100928;7216.500000000;1;9691860719;S
20240222;100928;7216.500000000;20;9691860720;S
20240222;100928;7214.000000000;42;9691860721;S
20240222;100928;7214.000000000;3;9691860722;S
20240222;100928;7213.500000000;11;9691860723;S
20240222;100928;7213.000000000;18;9691860724;S
20240222;100928;7212.500000000;27;9691860725;S
20240222;100928;7212.500000000;74;9691860726;S
20240222;100928;7211.500000000;11;9691860727;S
20240222;100928;7211.000000000;1;9691860728;S
20240222;100928;7211.000000000;39;9691860729;S
20240222;100934;7217.000000000;3;9691861488;S
20240222;100934;7217.000000000;2;9691861489;S
20240222;100934;7220.500000000;1;9691861583;B
20240222;100938;7222.000000000;3;9691862246;S
20240222;100938;7221.500000000;42;9691862247;S
20240222;100945;7223.000000000;10;9691863564;B
20240222;100947;7223.000000000;13;9691863837;B
20240222;100947;7223.000000000;40;9691863838;B
20240222;100948;7223.000000000;1;9691863943;B
20240222;100948;7223.000000000;2;9691863945;B
20240222;100949;7223.000000000;1;9691864118;S
20240222;100950;7224.000000000;1;9691864226;B
20240222;100951;7224.000000000;1;9691864295;B
20240222;100951;7224.000000000;1;9691864296;B
20240222;100953;7224.000000000;1;9691864590;B
20240222;100953;7223.000000000;8;9691864696;S
20240222;100953;7223.000000000;42;9691864697;S
20240222;100954;7224.000000000;5;9691864730;B
20240222;100956;7224.000000000;3;9691865083;B
20240222;100956;7224.000000000;4;9691865120;B
20240222;100958;7224.000000000;4;9691865328;B
20240222;101003;7226.000000000;3;9691866051;B
20240222;101003;7226.500000000;2;9691866052;B
20240222;101006;7225.000000000;2;9691866428;S
20240222;101007;7225.000000000;6;9691866587;S
20240222;101007;7225.000000000;1;9691866588;S
20240222;101007;7224.500000000;42;9691866589;S
20240222;101007;7224.000000000;1;9691866590;S
20240222;101009;7225.500000000;1;9691866890;B
20240222;101009;7226.000000000;2;9691866891;B
20240222;101009;7226.000000000;3;9691866892;B
20240222;101009;7226.500000000;4;9691866893;B
20240222;101012;7224.500000000;6;9691867320;S
20240222;101013;7227.500000000;11;9691867457;B
20240222;101013;7227.500000000;3;9691867458;B
20240222;101013;7228.000000000;1;9691867459;B
20240222;101014;7226.500000000;2;9691867480;S
20240222;101014;7226.500000000;13;9691867524;S
20240222;101019;7228.500000000;1;9691868194;B
20240222;101020;7228.000000000;4;9691868351;S
20240222;101021;7229.000000000;39;9691868450;B
20240222;101021;7229.500000000;61;9691868451;B
20240222;101021;7229.000000000;4;9691868452;S
20240222;101021;7229.500000000;1;9691868513;B
20240222;101022;7228.500000000;3;9691868548;S
20240222;101022;7228.500000000;2;9691868549;S
20240222;101022;7229.500000000;4;9691868593;B
20240222;101023;7229.500000000;1;9691868766;B
20240222;101024;7229.000000000;4;9691868911;S
20240222;101024;7228.500000000;6;9691868912;S
20240222;101030;7229.500000000;1;9691869689;B
20240222;101032;7229.000000000;1;9691869959;S
20240222;101033;7229.500000000;4;9691870081;B
20240222;101034;7229.500000000;8;9691870175;B
20240222;101034;7229.500000000;120;9691870176;B
20240222;101034;7230.000000000;1;9691870177;B
20240222;101034;7230.000000000;2;9691870178;B
20240222;101034;7229.500000000;1;9691870179;S
20240222;101034;7233.500000000;2;9691870192;B
20240222;101034;7233.500000000;1;9691870219;B
20240222;101034;7234.000000000;2;9691870220;B
20240222;101034;7235.000000000;11;9691870221;B
20240222;101034;7235.500000000;4;9691870222;B
20240222;101034;7236.000000000;29;9691870223;B
20240222;101034;7237.000000000;1;9691870224;B
20240222;101034;7237.500000000;2;9691870225;B
20240222;101035;7233.000000000;27;9691870441;S
20240222;101035;7233.000000000;20;9691870442;S
20240222;101035;7229.000000000;1;9691870443;S
20240222;101035;7229.000000000;2;9691870444;S
20240222;101039;7236.000000000;2;9691871070;B
20240222;101040;7235.500000000;2;9691871186;B
20240222;101040;7236.500000000;2;9691871187;B
20240222;101040;7236.500000000;8;9691871188;B
20240222;101041;7236.000000000;1;9691871378;B
20240222;101041;7237.000000000;1;9691871379;B
20240222;101045;7233.000000000;42;9691871916;S
20240222;101045;7233.000000000;27;9691871917;S
20240222;101045;7232.500000000;31;9691871918;S
20240222;101046;7236.000000000;5;9691871991;B
20240222;101047;7236.000000000;18;9691872104;B
20240222;101047;7236.500000000;1;9691872105;B
20240222;101047;7236.500000000;11;9691872106;B
20240222;101050;7233.000000000;27;9691872482;S
20240222;101051;7231.500000000;10;9691872632;S
20240222;101052;7231.000000000;3;9691872746;S
20240222;101052;7231.000000000;22;9691872747;S
20240222;101055;7232.500000000;42;9691872976;B
20240222;101055;7232.500000000;3;9691872977;B
20240222;101056;7229.500000000;5;9691873108;S
20240222;101100;7230.500000000;1;9691873888;B
20240222;101100;7231.000000000;4;9691873889;B
20240222;101101;7231.000000000;1;9691873949;B
20240222;101104;7230.500000000;7;9691874223;S
20240222;101104;7230.500000000;1;9691874224;S
20240222;101105;7231.000000000;2;9691874380;B
20240222;101106;7230.500000000;1;9691874447;S
20240222;101107;7230.500000000;1;9691874594;S
20240222;101108;7231.000000000;1;9691874705;B
20240222;101109;7231.000000000;2;9691874802;B
20240222;101109;7232.500000000;2;9691874803;B
20240222;101109;7233.000000000;11;9691874804;B
20240222;101110;7232.000000000;1;9691874952;S
20240222;101110;7233.000000000;4;9691874982;B
20240222;101111;7232.000000000;15;9691875150;S
20240222;101112;7233.000000000;58;9691875286;B
20240222;101112;7234.000000000;15;9691875289;S
20240222;101113;7236.500000000;1;9691875334;B
20240222;101113;7236.500000000;9;9691875364;B
20240222;101113;7236.500000000;1;9691875365;B
20240222;101113;7237.000000000;15;9691875366;B
20240222;101113;7238.500000000;25;9691875367;B
20240222;101117;7238.500000000;1;9691875813;B
20240222;101117;7238.500000000;23;9691875868;B
20240222;101118;7240.000000000;1;9691876045;B
20240222;101121;7240.000000000;2;9691876561;B
20240222;101121;7240.000000000;2;9691876562;B
20240222;101121;7240.500000000;1;9691876563;B
20240222;101123;7240.500000000;2;9691876823;B
20240222;101123;7240.500000000;2;9691876835;B
20240222;101123;7242.500000000;1;9691876836;B
20240222;101123;7242.500000000;1;9691876837;B
20240222;101123;7242.500000000;1;9691876838;B
20240222;101125;7242.500000000;2;9691877083;B
20240222;101126;7242.000000000;2;9691877266;S
20240222;101126;7241.500000000;12;9691877267;S
20240222;101127;7242.500000000;10;9691877360;B
20240222;101133;7240.000000000;1;9691878176;B
20240222;101134;7239.000000000;2;9691878362;S
20240222;101135;7239.000000000;1;9691878446;S
20240222;101135;7240.000000000;120;9691878474;B
20240222;101141;7239.000000000;1;9691879170;S
20240222;101149;7239.500000000;3;9691880202;B
20240222;101149;7239.500000000;1;9691880204;B
20240222;101150;7239.500000000;1;9691880342;B
20240222;101150;7239.500000000;1;9691880343;B
20240222;101150;7239.500000000;1;9691880344;B
20240222;101204;7239.500000000;9;9691881940;S
20240222;101206;7240.000000000;14;9691882429;B
20240222;101210;7239.500000000;3;9691883006;S
20240222;101210;7240.000000000;1;9691883039;B
20240222;101211;7240.000000000;6;9691883194;B
20240222;101212;7239.500000000;5;9691883316;S
20240222;101213;7240.000000000;5;9691883445;B
20240222;101214;7239.500000000;2;9691883573;S
20240222;101214;7239.500000000;9;9691883574;S
20240222;101214;7239.500000000;1;9691883711;B
20240222;101215;7239.500000000;14;9691883804;B
20240222;101216;7240.000000000;9;9691883872;B
20240222;101216;7240.000000000;3;9691883874;B
20240222;101216;7240.000000000;5;9691883934;B
20240222;101216;7239.000000000;1;9691883947;S
20240222;101217;7240.000000000;2;9691884180;B
20240222;101220;7240.000000000;13;9691884459;B
20240222;101227;7240.000000000;6;9691885446;B
20240222;101229;7240.000000000;3;9691885963;B
20240222;101231;7239.500000000;1;9691886249;S
20240222;101232;7240.000000000;5;9691886320;B
20240222;101234;7240.000000000;7;9691886618;B
20240222;101234;7241.000000000;2;9691886619;B
20240222;101234;7242.000000000;9;9691886694;B
20240222;101236;7242.000000000;1;9691887089;B
20240222;101236;7242.000000000;3;9691887090;B
20240222;101238;7242.000000000;1;9691887401;S
20240222;101238;7242.000000000;1;9691887429;S
20240222;101239;7242.000000000;1;9691887433;S
20240222;101239;7242.000000000;1;9691887455;S
20240222;101239;7242.000000000;1;9691887489;S
20240222;101239;7242.000000000;1;9691887594;S
20240222;101239;7242.000000000;1;9691887595;S
20240222;101239;7242.000000000;1;9691887596;S
20240222;101239;7242.000000000;1;9691887623;S
20240222;101239;7242.000000000;1;9691887624;S
20240222;101240;7242.000000000;1;9691887684;S
20240222;101240;7242.000000000;4;9691887791;S
20240222;101240;7242.000000000;1;9691887826;S
20240222;101241;7242.000000000;1;9691887849;S
20240222;101241;7242.000000000;10;9691887857;S
20240222;101242;7242.000000000;1;9691888026;S
20240222;101243;7242.000000000;2;9691888180;S
20240222;101243;7242.500000000;5;9691888202;B
20240222;101244;7242.000000000;1;9691888240;S
20240222;101246;7242.000000000;15;9691888551;S
20240222;101246;7240.000000000;4;9691888614;S
20240222;101246;7239.000000000;1;9691888615;S
20240222;101246;7239.000000000;3;9691888616;S
20240222;101249;7241.000000000;10;9691888989;S
20240222;101252;7239.000000000;5;9691889456;S
20240222;101252;7239.000000000;4;9691889457;S
20240222;101302;7239.500000000;2;9691890891;B
20240222;101306;7239.500000000;1;9691891317;B
20240222;101307;7239.000000000;7;9691891383;S
20240222;101315;7239.500000000;1;9691892418;S
20240222;101315;7239.500000000;1;9691892419;S
20240222;101315;7240.000000000;3;9691892448;B
20240222;101316;7241.000000000;1;9691892644;B
20240222;101317;7239.000000000;1;9691892870;S
20240222;101319;7239.000000000;1;9691893114;S
20240222;101319;7240.500000000;10;9691893176;B
20240222;101332;7239.000000000;30;9691895202;S
20240222;101333;7239.000000000;1;9691895455;S
20240222;101333;7239.500000000;3;9691895502;B
20240222;101333;7239.500000000;2;9691895503;B
20240222;101337;7239.000000000;8;9691896121;S
20240222;101340;7240.000000000;1;9691896746;B
20240222;101345;7239.500000000;25;9691897521;S
20240222;101345;7240.000000000;1;9691897577;B
20240222;101352;7240.000000000;2;9691898716;B
20240222;101353;7239.500000000;4;9691898925;S
20240222;101354;7239.000000000;3;9691899065;S
20240222;101354;7239.000000000;16;9691899066;S
20240222;101354;7239.000000000;14;9691899067;S
20240222;101354;7239.000000000;7;9691899068;S
20240222;101354;7238.500000000;77;9691899069;S
20240222;101354;7238.500000000;5;9691899070;S
20240222;101354;7238.500000000;2;9691899071;S
20240222;101357;7234.000000000;2;9691899690;S
20240222;101357;7233.000000000;11;9691899691;S
20240222;101357;7233.000000000;1;9691899692;S
20240222;101357;7232.500000000;2;9691899693;S
20240222;101357;7232.500000000;54;9691899694;S
20240222;101403;7232.000000000;1;9691900553;S
20240222;101406;7232.000000000;1;9691900943;S
20240222;101414;7230.500000000;2;9691902253;S
20240222;101414;7230.000000000;1;9691902254;S
20240222;101414;7230.000000000;6;9691902255;S
20240222;101420;7230.500000000;1;9691903380;S
20240222;101428;7233.500000000;3;9691905713;B
20240222;101428;7233.500000000;20;9691905714;B
20240222;101428;7235.000000000;7;9691905715;B
20240222;101435;7231.000000000;1;9691907051;B
20240222;101435;7232.000000000;2;9691907052;B
20240222;101436;7230.000000000;2;9691907189;S
20240222;101446;7230.000000000;3;9691909361;S
20240222;101446;7230.000000000;2;9691909362;S
20240222;101446;7229.000000000;4;9691909363;S
20240222;101446;7229.000000000;75;9691909364;S
20240222;101447;7228.000000000;2;9691909431;S
20240222;101447;7228.000000000;80;9691909432;S
20240222;101447;7227.500000000;100;9691909433;S
20240222;101447;7227.500000000;68;9691909434;S
20240222;101449;7231.000000000;4;9691909730;B
20240222;101453;7231.000000000;7;9691910437;B
20240222;101456;7227.000000000;1;9691910773;S
20240222;101502;7227.000000000;1;9691911676;S
20240222;101503;7228.000000000;6;9691911830;B
20240222;101510;7229.000000000;2;9691912872;B
20240222;101510;7229.500000000;8;9691913068;B
20240222;101510;7230.000000000;7;9691913069;B
20240222;101515;7227.000000000;2;9691914040;S
20240222;101518;7226.000000000;1;9691914787;S
20240222;101518;7225.000000000;1;9691914788;S
20240222;101518;7224.000000000;1;9691914789;S
20240222;101518;7223.000000000;27;9691914790;S
20240222;101518;7222.500000000;1;9691914791;S
20240222;101518;7222.000000000;20;9691914792;S
20240222;101518;7222.000000000;3;9691914793;S
20240222;101518;7222.000000000;21;9691914794;S
20240222;101518;7221.000000000;11;9691914795;S
20240222;101518;7220.500000000;4;9691914796;S
20240222;101518;7220.500000000;40;9691914797;S
20240222;101523;7225.000000000;1;9691915957;B
20240222;101532;7222.500000000;2;9691918313;B
20240222;101535;7222.500000000;2;9691919029;B
20240222;101538;7221.500000000;2;9691919705;S
20240222;101538;7221.000000000;13;9691919706;S
20240222;101544;7221.000000000;1;9691920834;S
20240222;101544;7221.000000000;6;9691920835;B
20240222;101553;7224.000000000;1;9691922746;B
20240222;101556;7223.000000000;2;9691923493;B
20240222;101604;7223.000000000;3;9691925580;S
20240222;101604;7223.000000000;1;9691925581;S
20240222;101604;7222.500000000;11;9691925582;S
20240222;101608;7222.500000000;31;9691926339;S
20240222;101608;7221.000000000;15;9691926340;S
20240222;101608;7221.000000000;56;9691926341;S
20240222;101608;7220.500000000;15;9691926408;S
20240222;101609;7220.500000000;1;9691926641;S
20240222;101615;7220.500000000;10;9691927796;S
20240222;101624;7221.500000000;1;9691929705;B
20240222;101625;7224.000000000;2;9691929962;B
20240222;101637;7223.000000000;2;9691932401;B
20240222;101637;7223.000000000;3;9691932402;B
20240222;101642;7223.500000000;3;9691933581;S
20240222;101650;7223.500000000;1;9691934863;B
20240222;101650;7223.500000000;2;9691934864;B
20240222;101650;7224.000000000;8;9691934865;B
20240222;101651;7224.000000000;2;9691935015;B
20240222;101656;7222.000000000;1;9691936106;S
20240222;101658;7223.500000000;1;9691936541;B
20240222;101707;7221.000000000;1;9691938232;S
20240222;101707;7221.000000000;1;9691938270;S
20240222;101707;7220.500000000;14;9691938271;S
20240222;101707;7222.500000000;1;9691938340;B
20240222;101730;7221.000000000;1;9691942154;S
20240222;101732;7222.500000000;5;9691942638;B
20240222;101739;7222.500000000;1;9691943647;B
20240222;101742;7222.000000000;15;9691944062;S
20240222;101742;7221.500000000;1;9691944063;S
20240222;101742;7221.000000000;27;9691944064;S
20240222;101742;7220.500000000;7;9691944065;S
20240222;101750;7222.500000000;8;9691945133;B
20240222;101752;7222.500000000;70;9691945449;B
20240222;101753;7221.000000000;30;9691945558;S
20240222;101800;7221.500000000;1;9691946604;B
20240222;101800;7222.000000000;4;9691946605;B
20240222;101806;7222.500000000;1;9691947719;B
20240222;101806;7222.500000000;1;9691947720;B
20240222;101806;7223.000000000;3;9691947721;B
20240222;101809;7222.000000000;2;9691948219;S
20240222;101809;7222.000000000;5;9691948220;S
20240222;101809;7222.000000000;1;9691948221;S
20240222;101809;7221.500000000;2;9691948222;S
20240222;101809;7222.000000000;1;9691948247;B
20240222;101810;7221.500000000;1;9691948404;S
20240222;101812;7222.000000000;1;9691948769;S
20240222;101813;7221.500000000;7;9691948918;S
20240222;101814;7221.000000000;37;9691949284;S
20240222;101814;7221.000000000;1;9691949289;S
20240222;101816;7221.000000000;16;9691949525;S
20240222;101818;7221.500000000;1;9691949876;B
20240222;101818;7221.500000000;2;9691949877;B
20240222;101829;7222.500000000;3;9691951747;S
20240222;101832;7223.000000000;1;9691952226;B
20240222;101835;7223.000000000;1;9691952799;B
20240222;101839;7222.500000000;1;9691953402;S
20240222;101839;7222.500000000;4;9691953403;S
20240222;101839;7223.500000000;1;9691953521;B
20240222;101842;7222.500000000;1;9691953898;S
20240222;101842;7223.500000000;6;9691953899;B
20240222;101842;7223.500000000;20;9691953900;B
20240222;101842;7224.000000000;15;9691953901;B
20240222;101842;7224.000000000;1;9691953902;B
20240222;101842;7224.000000000;1;9691953903;B
20240222;101842;7224.500000000;1;9691953904;B
20240222;101842;7225.000000000;1;9691953905;B
20240222;101842;7227.000000000;55;9691953906;B
20240222;101844;7226.500000000;1;9691954274;B
20240222;101844;7226.500000000;2;9691954275;B
20240222;101846;7228.000000000;7;9691954454;B
20240222;101852;7229.000000000;2;9691955345;B
20240222;101852;7229.000000000;80;9691955346;B
20240222;101852;7229.000000000;2;9691955706;S
20240222;101905;7229.000000000;1;9691957500;S
20240222;101908;7229.000000000;30;9691957931;S
20240222;101911;7230.000000000;1;9691958577;B
20240222;101914;7229.000000000;5;9691959108;S
20240222;101914;7229.000000000;5;9691959109;S
20240222;101918;7229.000000000;1;9691959727;S
20240222;101919;7229.000000000;20;9691959768;S
20240222;101924;7229.000000000;1;9691960558;S
20240222;101926;7229.000000000;1;9691960761;S
20240222;101927;7229.000000000;1;9691960923;S
20240222;101928;7229.000000000;1;9691960944;S
20240222;101928;7229.000000000;3;9691960973;S
20240222;101928;7229.500000000;3;9691961049;B
20240222;101928;7229.500000000;5;9691961050;B
20240222;101928;7229.500000000;11;9691961051;B
20240222;101928;7229.500000000;7;9691961052;B
20240222;101928;7230.000000000;2;9691961053;B
20240222;101928;7230.000000000;17;9691961054;B
20240222;101930;7229.500000000;1;9691961226;B
20240222;101933;7229.000000000;1;9691961530;S
20240222;101934;7229.500000000;6;9691961700;B
20240222;101938;7229.500000000;1;9691962155;B
20240222;101940;7229.500000000;1;9691962298;B
20240222;101941;7229.500000000;3;9691962410;B
20240222;101941;7229.500000000;1;9691962506;B
20240222;101941;7229.500000000;4;9691962507;B
20240222;101942;7229.000000000;1;9691962572;S
20240222;101943;7229.000000000;15;9691962761;S
20240222;101943;7229.000000000;3;9691962762;S
20240222;101943;7229.000000000;24;9691962763;S
20240222;101947;7229.500000000;1;9691963226;B
20240222;101947;7229.500000000;4;9691963227;B
20240222;101947;7229.500000000;1;9691963281;B
20240222;101949;7230.000000000;3;9691963425;B
20240222;101949;7230.000000000;2;9691963426;B
20240222;101952;7230.000000000;1;9691963805;B
20240222;101952;7230.000000000;2;9691963806;B
20240222;101952;7230.000000000;1;9691963807;B
20240222;101952;7230.500000000;6;9691963808;B
20240222;101954;7230.000000000;10;9691964032;S
20240222;101956;7230.500000000;50;9691964222;B
20240222;101956;7230.500000000;2;9691964270;B
20240222;102002;7230.000000000;10;9691964849;S
20240222;102006;7230.000000000;8;9691965370;S
20240222;102006;7230.000000000;3;9691965371;S
20240222;102006;7229.500000000;1;9691965372;S
20240222;102007;7230.500000000;15;9691965434;B
20240222;102018;7230.000000000;3;9691967427;B
20240222;102019;7230.500000000;180;9691968545;B
20240222;102019;7230.500000000;47;9691968546;B
20240222;102019;7231.000000000;2;9691968547;B
20240222;102019;7231.000000000;1;9691968548;B
20240222;102019;7233.000000000;11;9691968549;B
20240222;102019;7233.000000000;5;9691968550;B
20240222;102019;7233.000000000;4;9691968551;B
20240222;102023;7232.500000000;1;9691969985;S
20240222;102035;7233.500000000;3;9691974656;B
20240222;102035;7234.000000000;2;9691974657;B
20240222;102035;7234.000000000;11;9691974658;B
20240222;102035;7234.000000000;60;9691974659;B
20240222;102040;7234.500000000;1;9691976652;B
20240222;102040;7234.500000000;1;9691976653;B
20240222;102040;7235.000000000;1;9691976682;B
20240222;102041;7235.000000000;1;9691976781;B
20240222;102041;7236.000000000;3;9691976782;B
20240222;102041;7236.000000000;6;9691976783;B
20240222;102045;7234.500000000;5;9691977344;S
20240222;102057;7235.500000000;6;9691979796;B
20240222;102057;7235.500000000;3;9691979797;B
20240222;102057;7236.000000000;6;9691979798;B
20240222;102107;7235.000000000;5;9691983626;S
20240222;102109;7235.000000000;1;9691983837;B
20240222;102109;7232.500000000;10;9691983853;S
20240222;102109;7232.000000000;1;9691983854;S
20240222;102109;7232.000000000;3;9691983855;S
20240222;102109;7232.000000000;80;9691983856;S
20240222;102109;7230.000000000;297;9691983857;S
20240222;102109;7230.000000000;1;9691983858;S
20240222;102109;7229.500000000;49;9691983859;S
20240222;102109;7229.500000000;5;9691983860;S
20240222;102109;7229.000000000;75;9691983861;S
20240222;102109;7229.000000000;7;9691983862;S
20240222;102109;7229.000000000;20;9691983863;S
20240222;102109;7228.500000000;1;9691983864;S
20240222;102109;7228.500000000;40;9691983865;S
20240222;102109;7226.500000000;11;9691983866;S
20240222;102109;7225.500000000;27;9691983867;S
20240222;102109;7224.500000000;11;9691983868;S
20240222;102109;7224.500000000;5;9691983869;S
20240222;102109;7224.500000000;5;9691983870;S
20240222;102109;7223.500000000;3;9691983871;S
20240222;102109;7223.000000000;40;9691983872;S
20240222;102109;7222.000000000;3;9691983873;S
20240222;102109;7221.500000000;47;9691983874;S
20240222;102109;7221.000000000;2;9691983875;S
20240222;102109;7221.000000000;4;9691983876;S
20240222;102109;7220.000000000;26;9691983877;S
20240222;102109;7220.000000000;1;9691983879;S
20240222;102110;7220.000000000;3;9691983917;S
20240222;102112;7221.000000000;1;9691984424;B
20240222;102122;7221.500000000;1;9691987853;B
20240222;102125;7220.500000000;21;9691988438;S
20240222;102127;7221.000000000;1;9691988570;S
20240222;102127;7221.000000000;3;9691988571;S
20240222;102129;7221.000000000;1;9691989922;S
20240222;102129;7220.500000000;2;9691989923;S
20240222;102133;7221.500000000;2;9691990326;B
20240222;102137;7220.500000000;42;9691992076;S
20240222;102137;7220.500000000;4;9691992077;S
20240222;102137;7220.000000000;134;9691992078;S
20240222;102137;7220.000000000;35;9691992079;S
20240222;102137;7220.000000000;1;9691992085;S
20240222;102137;7220.500000000;4;9691992089;B
20240222;102138;7220.500000000;4;9691992092;B
20240222;102138;7220.000000000;1;9691992713;S
20240222;102138;7220.000000000;1;9691992714;S
20240222;102138;7220.000000000;8;9691992715;S
20240222;102139;7220.500000000;1;9691992778;B
20240222;102139;7220.000000000;2;9691992814;S
20240222;102139;7220.000000000;1;9691992815;S
20240222;102139;7220.000000000;1;9691992816;S
20240222;102139;7220.000000000;1;9691992817;S
20240222;102139;7219.000000000;1;9691992818;S
20240222;102153;7219.000000000;4;9691995679;B
20240222;102155;7219.000000000;1;9691996851;S
20240222;102201;7217.500000000;1;9691997808;B
20240222;102202;7217.500000000;2;9691998373;B
20240222;102202;7217.500000000;2;9691998392;B
20240222;102202;7217.500000000;1;9691998396;B
20240222;102206;7217.500000000;29;9691999682;B
20240222;102209;7217.500000000;15;9692000133;B
20240222;102218;7218.500000000;6;9692002942;B
20240222;102227;7218.500000000;2;9692005673;B
20240222;102234;7218.500000000;3;9692007188;B
20240222;102234;7218.500000000;12;9692007189;B
20240222;102259;7218.500000000;8;9692013854;B
20240222;102310;7218.500000000;2;9692017407;B
20240222;102310;7218.500000000;3;9692017408;B
20240222;102317;7218.500000000;1;9692018479;B
20240222;102325;7218.500000000;4;9692022044;B
20240222;102325;7217.000000000;5;9692022135;S
20240222;102335;7216.500000000;1;9692024959;S
20240222;102335;7216.000000000;1;9692024960;S
20240222;102336;7217.000000000;1;9692025136;B
20240222;102346;7216.500000000;1;9692027651;S
20240222;102347;7216.500000000;5;9692028444;S
20240222;102348;7216.500000000;8;9692028505;S
20240222;102348;7216.000000000;1;9692028506;S
20240222;102348;7215.500000000;1;9692028507;S
20240222;102348;7215.000000000;75;9692028832;S
20240222;102348;7215.000000000;1;9692028833;S
20240222;102348;7215.000000000;30;9692028834;S
20240222;102348;7214.000000000;3;9692028835;S
20240222;102348;7212.500000000;4;9692028836;S
20240222;102348;7211.500000000;42;9692028837;S
20240222;102348;7211.500000000;20;9692028838;S
20240222;102348;7211.000000000;10;9692028839;S
20240222;102348;7211.000000000;3;9692028840;S
20240222;102348;7211.000000000;40;9692028841;S
20240222;102348;7210.000000000;14;9692028842;S
20240222;102348;7210.000000000;8;9692028843;S
20240222;102348;7213.500000000;1;9692029196;B
20240222;102349;7211.500000000;39;9692029493;S
20240222;102349;7211.000000000;12;9692029494;S
20240222;102349;7210.500000000;55;9692029495;S
20240222;102349;7210.000000000;12;9692029496;S
20240222;102349;7210.000000000;2;9692029497;S
20240222;102352;7210.000000000;1;9692030267;S
20240222;102357;7210.500000000;8;9692031236;S
20240222;102357;7210.000000000;12;9692031237;S
20240222;102357;7209.000000000;1;9692031238;S
20240222;102357;7209.000000000;42;9692031239;S
20240222;102357;7208.500000000;1;9692031240;S
20240222;102357;7208.500000000;20;9692031241;S
20240222;102357;7207.000000000;30;9692031242;S
20240222;102357;7206.500000000;1;9692031243;S
20240222;102357;7206.500000000;5;9692031244;S
20240222;102357;7206.500000000;40;9692031245;S
20240222;102357;7206.000000000;2;9692031246;S
20240222;102357;7205.500000000;1;9692031247;S
20240222;102357;7205.000000000;2;9692031248;S
20240222;102357;7211.000000000;1;9692031256;B
20240222;102357;7208.500000000;42;9692031303;S
20240222;102357;7208.000000000;18;9692031304;S
20240222;102357;7206.500000000;40;9692031305;S
20240222;102357;7205.000000000;3;9692031306;S
20240222;102357;7205.000000000;1;9692031307;S
20240222;102357;7204.000000000;1;9692031308;S
20240222;102357;7203.500000000;3;9692031309;S
20240222;102357;7203.500000000;32;9692031310;S
20240222;102418;7213.000000000;1;9692037151;S
20240222;102418;7214.500000000;10;9692037184;B
20240222;102422;7213.000000000;3;9692038343;S
20240222;102422;7213.000000000;5;9692038344;S
20240222;102422;7212.000000000;3;9692038345;S
20240222;102422;7209.000000000;5;9692038346;S
20240222;102422;7209.000000000;80;9692038347;S
20240222;102422;7208.500000000;4;9692038348;S
20240222;102424;7208.500000000;6;9692039134;S
20240222;102424;7207.500000000;2;9692039135;S
20240222;102434;7213.000000000;3;9692041449;B
20240222;102434;7213.500000000;1;9692041450;B
20240222;102434;7215.000000000;6;9692041451;B
20240222;102454;7214.500000000;2;9692047489;B
20240222;102454;7214.500000000;8;9692047490;B
20240222;102508;7214.500000000;5;9692050331;B
20240222;102510;7212.500000000;4;9692050548;S
20240222;102510;7211.000000000;1;9692050549;S
20240222;102510;7210.500000000;10;9692050550;S
20240222;102528;7212.000000000;1;9692054968;S
20240222;102528;7212.000000000;2;9692054969;S
20240222;102528;7212.000000000;3;9692054970;S
20240222;102531;7212.000000000;6;9692055360;S
20240222;102538;7214.500000000;2;9692056180;B
20240222;102538;7214.500000000;80;9692056181;B
20240222;102538;7215.000000000;1;9692056182;B
20240222;102538;7215.000000000;12;9692056183;B
20240222;102538;7216.500000000;20;9692056184;B
20240222;102538;7217.000000000;35;9692056185;B
20240222;102544;7213.500000000;2;9692056890;S
20240222;102545;7216.500000000;2;9692056936;B
20240222;102545;7216.500000000;13;9692056937;B
20240222;102545;7217.000000000;5;9692056967;B
20240222;102605;7217.000000000;4;9692060074;B
20240222;102605;7217.000000000;2;9692060075;B
20240222;102609;7217.000000000;1;9692060660;B
20240222;102617;7217.000000000;5;9692061997;B
20240222;102624;7217.000000000;1;9692062786;B
20240222;102626;7216.500000000;1;9692063045;S
20240222;102627;7217.000000000;40;9692063241;B
20240222;102627;7217.000000000;2;9692063299;B
20240222;102630;7217.000000000;1;9692063906;B
20240222;102634;7216.500000000;9;9692064315;S
20240222;102634;7216.000000000;1;9692064316;S
20240222;102635;7216.500000000;3;9692064449;B
20240222;102635;7217.000000000;27;9692064450;B
20240222;102635;7217.000000000;5;9692064451;B
20240222;102648;7218.500000000;3;9692065925;B
20240222;102648;7219.000000000;33;9692065926;B
20240222;102648;7220.000000000;14;9692065927;B
20240222;102705;7222.000000000;2;9692068528;B
20240222;102705;7222.000000000;2;9692068560;B
20240222;102708;7223.000000000;2;9692068916;B
20240222;102708;7223.500000000;10;9692068917;B
20240222;102708;7224.000000000;1;9692068918;B
20240222;102708;7224.000000000;1;9692068919;B
20240222;102713;7223.500000000;2;9692069493;B
20240222;102713;7223.500000000;6;9692069494;B
20240222;102713;7224.000000000;2;9692069495;B
20240222;102714;7222.000000000;8;9692069601;S
20240222;102714;7221.500000000;2;9692069602;S
20240222;102725;7221.500000000;1;9692071019;S
20240222;102731;7221.000000000;4;9692071968;S
20240222;102748;7221.000000000;1;9692074541;S
20240222;102748;7221.500000000;1;9692074570;B
20240222;102748;7222.500000000;4;9692074587;B
20240222;102748;7223.000000000;5;9692074588;B
20240222;102751;7222.000000000;1;9692074997;B
20240222;102751;7222.000000000;1;9692074998;B
20240222;102751;7222.000000000;9;9692074999;B
20240222;102752;7223.000000000;1;9692075105;B
20240222;102752;7223.000000000;9;9692075106;B
20240222;102752;7223.000000000;20;9692075107;B
20240222;102752;7223.000000000;14;9692075108;B
20240222;102752;7224.500000000;4;9692075109;B
20240222;102753;7224.500000000;16;9692075127;B
20240222;102755;7224.000000000;1;9692075413;B
20240222;102756;7224.000000000;1;9692075555;B
20240222;102759;7224.000000000;1;9692076047;B
20240222;102759;7224.500000000;4;9692076048;B
20240222;102801;7224.500000000;1;9692076187;B
20240222;102807;7224.000000000;2;9692076733;B
20240222;102819;7224.000000000;10;9692079131;B
20240222;102821;7223.500000000;2;9692079364;S
20240222;102821;7223.500000000;3;9692079365;S
20240222;102825;7223.500000000;2;9692079860;S
20240222;102826;7224.000000000;2;9692080000;B
20240222;102829;7224.000000000;2;9692080389;B
20240222;102830;7223.500000000;4;9692080526;S
20240222;102830;7223.500000000;1;9692080527;S
20240222;102831;7224.000000000;1;9692080692;B
20240222;102831;7224.000000000;3;9692080708;B
20240222;102849;7224.000000000;2;9692082628;B
20240222;102850;7223.500000000;1;9692082762;S
20240222;102908;7221.500000000;1;9692084903;B
20240222;102912;7221.500000000;1;9692085417;B
20240222;102913;7221.000000000;1;9692085560;S
20240222;102916;7221.000000000;1;9692085772;S
20240222;102916;7221.000000000;1;9692085825;S
20240222;102918;7221.000000000;1;9692086024;S
20240222;102918;7221.000000000;1;9692086051;S
20240222;102919;7220.000000000;1;9692086195;B
20240222;102921;7218.000000000;2;9692086349;S
20240222;102921;7217.000000000;15;9692086350;S
20240222;102921;7217.000000000;6;9692086351;S
20240222;102925;7217.000000000;1;9692086812;S
20240222;102925;7217.000000000;2;9692086813;S
20240222;102936;7217.000000000;2;9692087998;B
20240222;102949;7217.000000000;8;9692089529;B
20240222;102949;7219.000000000;2;9692089530;B
20240222;103000;7219.500000000;10;9692090462;B
20240222;103002;7219.500000000;8;9692090809;B
20240222;103009;7219.500000000;15;9692091576;B
20240222;103015;7220.000000000;1;9692092021;B
20240222;103017;7219.500000000;35;9692092233;B
20240222;103020;7220.000000000;5;9692092522;B
20240222;103020;7217.500000000;5;9692092524;S
20240222;103021;7217.500000000;8;9692092647;S
20240222;103022;7220.000000000;1;9692092738;B
20240222;103027;7220.000000000;2;9692093279;B
20240222;103034;7217.500000000;1;9692094039;S
20240222;103047;7217.000000000;2;9692095213;S
20240222;103050;7217.000000000;3;9692095570;S
20240222;103050;7217.000000000;1;9692095571;S
20240222;103050;7216.500000000;1;9692095572;S
20240222;103050;7216.000000000;5;9692095573;S
20240222;103058;7220.000000000;1;9692096534;B
20240222;103111;7220.000000000;5;9692098048;B
20240222;103112;7216.500000000;24;9692098242;S
20240222;103112;7215.500000000;3;9692098243;S
20240222;103112;7215.500000000;1;9692098244;S
20240222;103112;7215.500000000;20;9692098245;S
20240222;103112;7215.000000000;2;9692098246;S
20240222;103112;7215.500000000;27;9692098251;S
20240222;103112;7215.000000000;8;9692098252;S
20240222;103112;7215.000000000;7;9692098253;S
20240222;103112;7215.000000000;1;9692098254;S
20240222;103141;7219.000000000;1;9692101548;B
20240222;103141;7219.000000000;10;9692101549;B
20240222;103151;7220.000000000;5;9692103005;B
20240222;103151;7220.000000000;1;9692103006;B
20240222;103158;7220.000000000;3;9692103691;B
20240222;103200;7220.000000000;5;9692103916;B
20240222;103200;7220.000000000;7;9692103954;B
20240222;103200;7220.000000000;11;9692103989;B
20240222;103202;7222.000000000;4;9692104237;B
20240222;103205;7219.500000000;8;9692104567;S
20240222;103206;7222.500000000;12;9692104673;B
20240222;103206;7223.000000000;1;9692104674;B
20240222;103206;7223.000000000;37;9692104675;B
20240222;103214;7220.000000000;1;9692105410;S
20240222;103214;7220.000000000;1;9692105411;B
20240222;103221;7222.500000000;6;9692106180;B
20240222;103221;7222.500000000;2;9692106181;B
20240222;103221;7222.500000000;3;9692106267;B
20240222;103221;7222.500000000;3;9692106268;B
20240222;103221;7222.500000000;1;9692106269;B
20240222;103221;7224.500000000;4;9692106270;B
20240222;103223;7224.000000000;1;9692106452;S
20240222;103223;7224.500000000;16;9692106459;B
20240222;103223;7224.500000000;1;9692106460;B
20240222;103223;7225.000000000;17;9692106461;B
20240222;103226;7224.000000000;1;9692106714;S
20240222;103226;7224.000000000;1;9692106750;S
20240222;103226;7224.000000000;1;9692106773;S
20240222;103230;7224.500000000;1;9692107233;B
20240222;103230;7224.500000000;4;9692107234;B
20240222;103230;7224.500000000;4;9692107289;B
20240222;103230;7224.500000000;1;9692107296;B
20240222;103230;7225.000000000;8;9692107297;B
20240222;103230;7225.000000000;6;9692107355;B
20240222;103230;7225.000000000;9;9692107385;B
20240222;103230;7225.000000000;1;9692107483;B
20240222;103231;7225.000000000;1;9692107597;B
20240222;103231;7225.000000000;1;9692107650;B
20240222;103232;7225.000000000;1;9692107778;B
20240222;103233;7225.000000000;1;9692107847;B
20240222;103237;7225.000000000;1;9692108399;B
20240222;103237;7225.000000000;2;9692108548;B
20240222;103242;7225.000000000;9;9692109276;B
20240222;103242;7225.000000000;26;9692109316;B
20240222;103242;7225.000000000;28;9692109344;B
20240222;103242;7225.000000000;26;9692109384;B
20240222;103242;7225.000000000;26;9692109406;B
20240222;103242;7225.000000000;31;9692109423;B
20240222;103242;7225.000000000;11;9692109443;B
20240222;103243;7225.000000000;17;9692109644;B
20240222;103243;7225.000000000;5;9692109658;B
20240222;103244;7225.000000000;10;9692109840;B
20240222;103245;7225.000000000;1;9692110009;B
20240222;103247;7225.000000000;9;9692110282;B
20240222;103248;7225.000000000;30;9692110429;B
20240222;103248;7224.500000000;1;9692110460;S
20240222;103249;7225.000000000;300;9692110505;B
20240222;103249;7225.000000000;40;9692110586;B
20240222;103252;7224.500000000;1;9692110973;S
20240222;103255;7225.000000000;45;9692111337;B
20240222;103257;7225.000000000;1;9692111633;B
20240222;103301;7225.000000000;2;9692112104;B
20240222;103302;7225.000000000;10;9692112263;B
20240222;103303;7225.000000000;5;9692112428;B
20240222;103303;7225.000000000;30;9692112450;B
20240222;103304;7224.500000000;1;9692112484;S
20240222;103304;7225.000000000;50;9692112526;B
20240222;103314;7225.000000000;2;9692113560;B
20240222;103316;7225.000000000;5;9692113927;B
20240222;103317;7225.000000000;1;9692113936;B
20240222;103321;7225.000000000;3;9692114400;B
20240222;103322;7224.500000000;4;9692114529;S
20240222;103325;7225.000000000;5;9692114881;B
20240222;103326;7225.000000000;67;9692115036;B
20240222;103329;7225.000000000;1;9692115342;B
20240222;103334;7225.000000000;35;9692115762;B
20240222;103342;7225.000000000;1;9692116591;B
20240222;103345;7225.000000000;20;9692116981;B
20240222;103348;7225.000000000;1;9692117257;B
20240222;103349;7225.000000000;16;9692117374;B
20240222;103400;7225.000000000;1472;9692118439;B
20240222;103400;7225.000000000;20;9692118440;B
20240222;103400;7225.000000000;8;9692118441;B
20240222;103400;7225.000000000;2;9692118442;B
20240222;103400;7225.000000000;2;9692118443;B
20240222;103400;7227.500000000;20;9692118444;B
20240222;103400;7229.000000000;1;9692118445;S
20240222;103400;7230.000000000;2;9692118451;B
20240222;103400;7230.500000000;1;9692118452;B
20240222;103400;7230.500000000;2;9692118453;B
20240222;103400;7230.500000000;20;9692118454;B
20240222;103400;7230.500000000;20;9692118455;B
20240222;103400;7231.000000000;20;9692118456;B
20240222;103400;7231.000000000;1;9692118457;B
20240222;103401;7230.000000000;10;9692118497;B
20240222;103401;7230.000000000;55;9692118546;B
20240222;103401;7230.000000000;1;9692118547;B
20240222;103401;7230.000000000;1;9692118548;B
20240222;103401;7230.500000000;12;9692118549;B
20240222;103401;7230.500000000;31;9692118550;B
20240222;103402;7231.000000000;50;9692118638;B
20240222;103405;7231.000000000;2;9692119054;B
20240222;103410;7231.000000000;2;9692120026;B
20240222;103410;7231.000000000;10;9692120027;B
20240222;103410;7231.000000000;3;9692120028;B
20240222;103410;7231.000000000;27;9692120036;B
20240222;103412;7233.500000000;1;9692120217;S
20240222;103412;7231.500000000;5;9692120224;S
20240222;103413;7233.000000000;4;9692120357;B
20240222;103413;7231.000000000;20;9692120434;S
20240222;103414;7231.000000000;1;9692120508;S
20240222;103414;7231.000000000;1;9692120509;S
20240222;103414;7231.000000000;1;9692120529;S
20240222;103415;7231.000000000;1;9692120646;S
20240222;103415;7231.000000000;4;9692120661;S
20240222;103420;7226.500000000;5;9692121241;S
20240222;103420;7225.000000000;4;9692121243;S
20240222;103420;7226.000000000;1;9692121263;B
20240222;103421;7225.500000000;3;9692121320;B
20240222;103421;7225.500000000;2;9692121389;B
20240222;103421;7226.000000000;3;9692121390;B
20240222;103421;7226.500000000;10;9692121391;B
20240222;103421;7226.500000000;5;9692121395;S
20240222;103421;7227.000000000;5;9692121405;B
20240222;103421;7226.500000000;5;9692121416;S
20240222;103421;7226.000000000;2;9692121417;S
20240222;103421;7226.000000000;10;9692121418;S
20240222;103421;7226.000000000;10;9692121419;S
20240222;103421;7225.000000000;8;9692121420;S
20240222;103426;7226.500000000;2;9692121973;B
20240222;103434;7225.000000000;8;9692123007;S
20240222;103434;7224.500000000;5;9692123008;S
20240222;103435;7225.500000000;10;9692123181;B
20240222;103435;7225.500000000;4;9692123182;B
20240222;103443;7225.500000000;6;9692123980;B
20240222;103443;7225.500000000;14;9692123981;B
20240222;103445;7225.500000000;1;9692124187;B
20240222;103446;7225.500000000;5;9692124254;B
20240222;103446;7225.500000000;2;9692124267;B
20240222;103450;7225.500000000;1;9692124592;B
20240222;103453;7225.500000000;1;9692124947;B
20240222;103454;7225.500000000;1;9692125050;B
20240222;103502;7225.500000000;1;9692126076;B
20240222;103507;7225.500000000;1;9692126539;B
20240222;103512;7225.500000000;10;9692127063;B
20240222;103512;7225.500000000;5;9692127064;B
20240222;103518;7225.500000000;1;9692127822;B
20240222;103522;7225.500000000;4;9692128169;B
20240222;103522;7225.500000000;2;9692128308;B
20240222;103524;7225.500000000;3;9692128668;B
20240222;103536;7225.500000000;1;9692130006;B
20240222;103552;7225.500000000;4;9692131813;B
20240222;103552;7225.500000000;1;9692131814;B
20240222;103552;7225.500000000;18;9692131815;B
20240222;103553;7226.000000000;4;9692131914;B
20240222;103605;7226.000000000;4;9692133214;B
20240222;103607;7225.000000000;1;9692133426;S
20240222;103612;7226.000000000;12;9692134185;B
20240222;103612;7226.500000000;5;9692134186;B
20240222;103612;7226.500000000;13;9692134187;B
20240222;103626;7225.500000000;25;9692135735;B
20240222;103626;7225.500000000;20;9692135736;B
20240222;103626;7226.500000000;5;9692135737;B
20240222;103626;7226.500000000;27;9692135738;B
20240222;103632;7226.500000000;1;9692136338;B
20240222;103648;7226.500000000;42;9692138062;B
20240222;103648;7227.000000000;20;9692138063;B
20240222;103648;7227.000000000;29;9692138064;B
20240222;103648;7227.000000000;4;9692138065;B
20240222;103648;7227.500000000;5;9692138066;B
20240222;103657;7227.000000000;1;9692138850;S
20240222;103701;7227.500000000;1;9692139252;B
20240222;103701;7227.500000000;1;9692139253;B
20240222;103701;7227.500000000;1;9692139255;B
20240222;103701;7227.500000000;1;9692139257;B
20240222;103701;7227.500000000;1;9692139262;B
20240222;103701;7227.500000000;1;9692139281;B
20240222;103701;7227.500000000;1;9692139300;B
20240222;103701;7227.500000000;30;9692139307;B
20240222;103704;7227.000000000;1;9692139716;S
20240222;103705;7227.500000000;2;9692139837;B
20240222;103706;7227.500000000;8;9692139920;B
20240222;103707;7227.500000000;1;9692139978;B
20240222;103708;7227.500000000;35;9692140144;B
20240222;103715;7227.500000000;100;9692141121;B
20240222;103723;7227.500000000;1;9692142270;B
20240222;103728;7227.000000000;5;9692142786;S
20240222;103728;7227.000000000;30;9692142787;S
20240222;103728;7226.500000000;8;9692142788;S
20240222;103728;7226.000000000;9;9692142789;S
20240222;103728;7226.000000000;1;9692142790;S
20240222;103728;7225.500000000;24;9692142791;S
20240222;103728;7225.000000000;1;9692142792;S
20240222;103728;7225.000000000;5;9692142793;S
20240222;103728;7225.000000000;1;9692142794;S
20240222;103728;7225.000000000;13;9692142795;S
20240222;103728;7225.000000000;1;9692142796;S
20240222;103728;7225.000000000;20;9692142797;S
20240222;103728;7225.000000000;2;9692142798;S
20240222;103728;7225.000000000;1;9692142799;S
20240222;103728;7225.000000000;30;9692142800;S
20240222;103728;7225.000000000;24;9692142801;S
20240222;103728;7224.500000000;2;9692142802;S
20240222;103728;7224.500000000;10;9692142803;S
20240222;103728;7224.500000000;1;9692142804;S
20240222;103728;7224.000000000;10;9692142805;S
20240222;103728;7222.500000000;5;9692142806;S
20240222;103728;7222.500000000;38;9692142807;S
20240222;103728;7222.000000000;1;9692142808;S
20240222;103728;7221.500000000;1;9692142809;S
20240222;103728;7221.500000000;1;9692142810;S
20240222;103728;7221.500000000;3;9692142811;S
20240222;103728;7221.500000000;3;9692142812;S
20240222;103728;7221.500000000;1;9692142813;S
20240222;103728;7221.500000000;1;9692142814;S
20240222;103728;7221.500000000;1;9692142815;S
20240222;103728;7221.500000000;1;9692142816;S
20240222;103728;7221.500000000;1;9692142817;S
20240222;103728;7221.500000000;1;9692142818;S
20240222;103728;7221.500000000;1;9692142819;S
20240222;103728;7221.500000000;1;9692142820;S
20240222;103728;7221.500000000;1;9692142821;S
20240222;103728;7221.500000000;1;9692142822;S
20240222;103728;7221.500000000;1;9692142823;S
20240222;103728;7221.500000000;3;9692142824;S
20240222;103728;7221.500000000;7;9692142825;S
20240222;103728;7221.000000000;2;9692142826;S
20240222;103728;7220.000000000;1;9692142827;S
20240222;103728;7220.000000000;27;9692142828;S
20240222;103728;7220.000000000;1;9692142829;S
20240222;103728;7220.000000000;1;9692142830;S
20240222;103728;7220.000000000;1;9692142831;S
20240222;103728;7220.000000000;1;9692142836;S
20240222;103730;7220.000000000;29;9692143033;S
20240222;103730;7218.000000000;1;9692143034;S
20240222;103730;7218.000000000;2;9692143035;S
20240222;103730;7217.000000000;1;9692143036;S
20240222;103737;7216.500000000;1;9692143794;S
20240222;103742;7215.000000000;1;9692144236;S
20240222;103742;7215.000000000;2;9692144237;S
20240222;103752;7215.000000000;18;9692145416;S
20240222;103752;7214.500000000;7;9692145417;S
20240222;103752;7214.000000000;4;9692145418;S
20240222;103752;7214.000000000;1;9692145419;S
20240222;103755;7214.500000000;1;9692145614;S
20240222;103755;7214.000000000;1;9692145615;S
20240222;103756;7214.000000000;3;9692145675;S
20240222;103756;7214.000000000;7;9692145676;S
20240222;103756;7213.500000000;11;9692145677;S
20240222;103756;7213.000000000;1;9692145678;S
20240222;103756;7213.000000000;2;9692145679;S
20240222;103756;7212.500000000;76;9692145680;S
20240222;103758;7215.500000000;2;9692145808;B
20240222;103818;7214.000000000;1;9692148580;S
20240222;103830;7214.000000000;11;9692149860;S
20240222;103830;7213.500000000;24;9692149861;S
20240222;103830;7213.500000000;6;9692149862;S
20240222;103831;7213.500000000;1;9692149968;B
20240222;103832;7213.500000000;1;9692150092;B
20240222;103840;7213.500000000;1;9692150909;B
20240222;103840;7213.000000000;1;9692150911;S
20240222;103840;7212.500000000;1;9692150946;B
20240222;103843;7212.000000000;1;9692151222;S
20240222;103843;7212.000000000;5;9692151223;S
20240222;103843;7212.000000000;9;9692151250;B
20240222;103843;7212.000000000;1;9692151251;B
20240222;103843;7212.000000000;2;9692151265;B
20240222;103846;7211.000000000;1;9692151514;B
20240222;103846;7210.500000000;4;9692151531;S
20240222;103847;7210.500000000;1;9692151627;B
20240222;103847;7210.500000000;3;9692151802;B
20240222;103848;7210.000000000;4;9692151830;S
20240222;103849;7210.000000000;2;9692152021;S
20240222;103851;7210.000000000;3;9692152103;B
20240222;103853;7209.500000000;5;9692152332;S
20240222;103854;7209.500000000;7;9692152386;S
20240222;103856;7210.000000000;3;9692152533;B
20240222;103858;7210.000000000;1;9692152716;B
20240222;103859;7210.500000000;1;9692152849;B
20240222;103859;7213.000000000;9;9692152850;B
20240222;103922;7213.500000000;2;9692156046;B
20240222;103924;7213.500000000;1;9692156452;B
20240222;103927;7213.500000000;30;9692156629;B
20240222;103928;7213.500000000;1;9692156809;B
20240222;103930;7213.500000000;1;9692156976;B
20240222;103952;7215.000000000;4;9692159434;B
20240222;103952;7215.500000000;16;9692159435;B
20240222;104005;7215.500000000;1;9692160688;B
20240222;104008;7216.000000000;1;9692161000;B
20240222;104017;7216.000000000;3;9692161919;B
20240222;104021;7215.500000000;42;9692162381;S
20240222;104021;7215.500000000;3;9692162382;S
20240222;104021;7215.000000000;100;9692162383;S
20240222;104021;7213.500000000;1;9692162384;S
20240222;104021;7213.500000000;2;9692162385;S
20240222;104021;7213.000000000;20;9692162386;S
20240222;104021;7211.000000000;20;9692162387;S
20240222;104021;7210.000000000;2;9692162388;S
20240222;104021;7209.500000000;1;9692162389;S
20240222;104021;7209.500000000;80;9692162390;S
20240222;104021;7209.000000000;1;9692162391;S
20240222;104021;7209.000000000;20;9692162392;S
20240222;104021;7208.500000000;193;9692162393;S
20240222;104021;7213.000000000;6;9692162455;B
20240222;104024;7212.500000000;1;9692162761;B
20240222;104044;7212.500000000;6;9692164611;B
20240222;104045;7212.500000000;1;9692164664;B
20240222;104057;7212.500000000;1;9692165820;B
20240222;104059;7212.000000000;20;9692165977;S
20240222;104059;7212.000000000;11;9692165978;S
20240222;104059;7211.500000000;35;9692165979;S
20240222;104059;7211.000000000;2;9692165980;S
20240222;104059;7209.500000000;2;9692165981;S
20240222;104059;7208.500000000;20;9692165982;S
20240222;104059;7208.500000000;20;9692165983;S
20240222;104059;7207.500000000;11;9692165984;S
20240222;104059;7207.500000000;80;9692165985;S
20240222;104059;7207.000000000;1;9692165986;S
20240222;104059;7207.000000000;1;9692165987;S
20240222;104059;7207.000000000;50;9692165988;S
20240222;104059;7206.500000000;40;9692165989;S
20240222;104059;7206.500000000;20;9692165990;S
20240222;104059;7206.000000000;40;9692165991;S
20240222;104059;7205.000000000;2;9692165992;S
20240222;104059;7205.000000000;2;9692165993;S
20240222;104059;7205.000000000;2;9692165994;S
20240222;104059;7205.000000000;5;9692165995;S
20240222;104059;7204.500000000;11;9692165996;S
20240222;104059;7204.500000000;27;9692165997;S
20240222;104059;7204.000000000;2;9692165998;S
20240222;104059;7204.000000000;20;9692165999;S
20240222;104059;7204.000000000;10;9692166000;S
20240222;104059;7204.000000000;2;9692166001;S
20240222;104059;7203.000000000;3;9692166002;S
20240222;104059;7203.000000000;111;9692166003;S
20240222;104059;7203.000000000;1;9692166004;S
20240222;104059;7203.000000000;11;9692166005;S
20240222;104059;7202.500000000;10;9692166006;S
20240222;104059;7202.000000000;7;9692166007;S
20240222;104059;7202.000000000;10;9692166008;S
20240222;104059;7202.000000000;10;9692166009;S
20240222;104059;7201.500000000;7;9692166010;S
20240222;104059;7205.500000000;35;9692166011;S
20240222;104059;7210.000000000;2;9692166023;B
20240222;104059;7210.000000000;2;9692166024;B
20240222;104059;7205.500000000;5;9692166025;S
20240222;104059;7206.000000000;4;9692166032;S
20240222;104059;7205.500000000;25;9692166033;S
20240222;104059;7203.500000000;15;9692166057;S
20240222;104059;7205.000000000;1;9692166059;B
20240222;104059;7209.500000000;2;9692166060;S
20240222;104059;7211.000000000;9;9692166061;B
20240222;104059;7210.500000000;2;9692166062;S
20240222;104059;7210.500000000;8;9692166063;S
20240222;104059;7210.500000000;4;9692166064;S
20240222;104100;7203.000000000;6;9692166110;B
20240222;104103;7206.500000000;5;9692166408;B
20240222;104103;7207.500000000;5;9692166409;B
20240222;104103;7207.500000000;10;9692166410;B
20240222;104106;7209.500000000;1;9692166695;B
20240222;104112;7205.000000000;5;9692167257;S
20240222;104118;7205.000000000;3;9692167884;B
20240222;104119;7205.000000000;2;9692167954;B
20240222;104119;7205.000000000;3;9692167955;B
20240222;104119;7206.500000000;2;9692167956;B
20240222;104119;7206.500000000;8;9692167957;B
20240222;104125;7202.500000000;3;9692168442;S
20240222;104125;7202.500000000;20;9692168443;S
20240222;104125;7202.000000000;4;9692168444;B
20240222;104130;7203.000000000;1;9692168913;B
20240222;104134;7203.000000000;4;9692169193;B
20240222;104134;7204.000000000;3;9692169194;B
20240222;104138;7204.000000000;3;9692169571;B
20240222;104142;7208.500000000;50;9692169924;B
20240222;104143;7209.500000000;1;9692170028;B
20240222;104145;7209.500000000;4;9692170351;B
20240222;104148;7209.500000000;1;9692170636;B
20240222;104149;7209.500000000;1;9692170723;B
20240222;104151;7210.000000000;1;9692170897;B
20240222;104151;7209.500000000;14;9692170982;B
20240222;104159;7206.000000000;2;9692171615;S
20240222;104200;7210.000000000;1;9692171689;B
20240222;104203;7210.000000000;1;9692171997;B
20240222;104203;7210.000000000;29;9692171998;B
20240222;104204;7211.000000000;6;9692172076;B
20240222;104216;7211.000000000;2;9692173267;B
20240222;104217;7208.000000000;2;9692173763;S
20240222;104217;7207.500000000;2;9692173764;S
20240222;104217;7207.000000000;1;9692173765;S
20240222;104217;7207.000000000;3;9692173766;S
20240222;104217;7207.000000000;12;9692173767;S
20240222;104217;7206.500000000;42;9692173768;S
20240222;104217;7206.000000000;3;9692173769;S
20240222;104217;7206.000000000;20;9692173770;S
20240222;104217;7205.500000000;11;9692173771;S
20240222;104217;7205.000000000;1;9692173772;S
20240222;104217;7205.000000000;2;9692173773;S
20240222;104217;7204.500000000;2;9692173774;S
20240222;104217;7209.500000000;2;9692173842;B
20240222;104218;7209.500000000;3;9692173896;B
20240222;104220;7210.000000000;2;9692174066;B
20240222;104230;7209.500000000;1;9692174938;S
20240222;104236;7209.500000000;7;9692175490;S
20240222;104238;7209.500000000;1;9692175587;S
20240222;104242;7211.500000000;2;9692175968;B
20240222;104254;7212.000000000;2;9692176904;B
20240222;104256;7212.000000000;2;9692177176;B
20240222;104257;7212.500000000;2;9692177268;B
20240222;104257;7212.500000000;3;9692177269;B
20240222;104308;7213.000000000;20;9692178392;B
20240222;104308;7213.000000000;3;9692178393;B
20240222;104308;7213.000000000;11;9692178395;S
20240222;104309;7210.000000000;1;9692178508;S
20240222;104309;7210.000000000;3;9692178509;S
20240222;104315;7211.500000000;1;9692178971;B
20240222;104320;7210.000000000;2;9692179390;S
20240222;104320;7209.500000000;3;9692179391;S
20240222;104328;7212.000000000;3;9692180035;B
20240222;104328;7212.000000000;12;9692180036;B
20240222;104332;7212.500000000;5;9692180356;B
20240222;104358;7210.500000000;42;9692182695;S
20240222;104358;7210.000000000;47;9692182696;S
20240222;104358;7209.500000000;6;9692182697;S
20240222;104358;7209.500000000;3;9692182698;S
20240222;104358;7209.000000000;8;9692182699;S
20240222;104358;7209.000000000;2;9692182700;S
20240222;104358;7207.500000000;11;9692182701;S
20240222;104358;7207.000000000;1;9692182702;S
20240222;104358;7206.500000000;8;9692182703;S
20240222;104358;7206.000000000;1;9692182704;S
20240222;104358;7206.000000000;80;9692182705;S
20240222;104358;7205.000000000;41;9692182706;S
20240222;104415;7206.000000000;8;9692184312;S
20240222;104424;7209.500000000;2;9692185278;B
20240222;104429;7209.500000000;14;9692185562;B
20240222;104429;7210.000000000;1;9692185563;B
20240222;104429;7210.000000000;20;9692185564;B
20240222;104429;7210.000000000;3;9692185565;B
20240222;104429;7212.000000000;3;9692185566;B
20240222;104429;7212.000000000;19;9692185567;B
20240222;104429;7212.500000000;10;9692185568;B
20240222;104433;7211.000000000;1;9692185867;B
20240222;104450;7210.000000000;1;9692187553;S
20240222;104453;7208.000000000;2;9692188020;S
20240222;104453;7207.000000000;8;9692188021;S
20240222;104453;7209.500000000;1;9692188068;B
20240222;104516;7208.500000000;12;9692191189;B
20240222;104516;7208.500000000;18;9692191190;S
20240222;104517;7208.000000000;1;9692191393;B
20240222;104519;7207.000000000;1;9692191506;S
20240222;104523;7210.000000000;1;9692191900;B
20240222;104523;7210.000000000;2;9692191901;B
20240222;104531;7209.000000000;10;9692192608;B
20240222;104531;7209.000000000;26;9692192609;B
20240222;104531;7209.000000000;12;9692192610;B
20240222;104531;7209.500000000;2;9692192611;B
20240222;104531;7210.000000000;9;9692192612;B
20240222;104531;7210.000000000;100;9692192613;B
20240222;104531;7211.000000000;25;9692192614;B
