<DATE>;<TIME>;<LAST>;<VOL>;<ID>;<OPER>
20240205;095933;7114.000000000;2;9523274155;S
20240205;095933;7114.000000000;3;9523274156;S
20240205;095933;7114.000000000;1;9523274157;S
20240205;095933;7114.000000000;3;9523274158;S
20240205;095933;7114.000000000;1;9523274159;S
20240205;095933;7114.000000000;1;9523274160;B
20240205;095933;7114.000000000;3;9523274161;B
20240205;095933;7114.000000000;3;9523274162;B
20240205;095933;7114.000000000;7;9523274163;B
20240205;095933;7114.000000000;7;9523274164;B
20240205;095933;7114.000000000;1;9523274165;B
20240205;095933;7114.000000000;18;9523274166;B
20240205;095933;7114.000000000;1;9523274167;B
20240205;095933;7114.000000000;20;9523274168;B
20240205;095933;7114.000000000;61;9523274169;S
20240205;095933;7114.000000000;35;9523274170;S
20240205;095933;7114.000000000;1;9523274171;S
20240205;095933;7114.000000000;2;9523274172;S
20240205;095933;7114.000000000;1;9523274173;S
20240205;095933;7114.000000000;4;9523274174;S
20240205;095933;7114.000000000;5;9523274175;S
20240205;095933;7114.000000000;1;9523274176;S
20240205;095933;7114.000000000;20;9523274177;S
20240205;095933;7114.000000000;2;9523274178;S
20240205;095933;7114.000000000;2;9523274179;S
20240205;095933;7114.000000000;1;9523274180;S
20240205;095933;7114.000000000;5;9523274181;S
20240205;095933;7114.000000000;17;9523274182;S
20240205;095933;7114.000000000;1;9523274183;S
20240205;095933;7114.000000000;7;9523274184;S
20240205;095933;7114.000000000;5;9523274185;S
20240205;095933;7114.000000000;3;9523274186;S
20240205;095933;7114.000000000;1;9523274187;S
20240205;095933;7114.000000000;6;9523274188;S
20240205;095933;7114.000000000;1;9523274189;B
20240205;095933;7114.000000000;1;9523274190;S
20240205;095933;7114.000000000;5;9523274191;S
20240205;095933;7114.000000000;5;9523274192;S
20240205;095933;7114.000000000;1;9523274193;S
20240205;095933;7114.000000000;5;9523274194;S
20240205;095933;7114.000000000;3;9523274195;S
20240205;100000;7114.500000000;1;9523283916;S
20240205;100000;7114.000000000;16;9523283933;S
20240205;100000;7114.500000000;1;9523284021;B
20240205;100000;7114.500000000;1;9523284022;B
20240205;100000;7114.500000000;1;9523284030;B
20240205;100000;7114.500000000;2;9523284043;B
20240205;100000;7114.500000000;1;9523284045;B
20240205;100000;7114.500000000;1;9523284066;B
20240205;100000;7114.500000000;1;9523284067;B
20240205;100000;7114.500000000;1;9523284076;B
20240205;100000;7114.500000000;2;9523284077;B
20240205;100000;7114.500000000;1;9523284085;B
20240205;100000;7114.500000000;1;9523284088;B
20240205;100000;7114.500000000;16;9523284090;B
20240205;100000;7114.500000000;1;9523284091;B
20240205;100000;7114.500000000;1;9523284104;B
20240205;100000;7114.500000000;1;9523284105;B
20240205;100000;7114.500000000;2;9523284131;S
20240205;100000;7116.000000000;2;9523284134;B
20240205;100000;7116.000000000;1;9523284135;B
20240205;100000;7116.000000000;11;9523284233;B
20240205;100000;7116.000000000;2;9523284234;B
20240205;100000;7116.000000000;1;9523284235;B
20240205;100000;7116.000000000;1;9523284576;S
20240205;100000;7116.000000000;1;9523284585;S
20240205;100000;7116.000000000;1;9523284609;S
20240205;100000;7116.000000000;1;9523284649;S
20240205;100000;7116.000000000;1;9523284668;S
20240205;100000;7120.000000000;1;9523284897;B
20240205;100001;7117.000000000;30;9523285352;S
20240205;100001;7117.000000000;19;9523285379;S
20240205;100001;7117.000000000;11;9523285391;B
20240205;100001;7118.000000000;8;9523285456;S
20240205;100001;7117.500000000;22;9523285457;S
20240205;100001;7117.500000000;10;9523285463;S
20240205;100001;7118.000000000;1;9523286250;S
20240205;100001;7120.500000000;2;9523286572;B
20240205;100001;7120.500000000;2;9523286573;B
20240205;100001;7120.500000000;11;9523286590;B
20240205;100001;7118.000000000;31;9523286741;S
20240205;100001;7117.000000000;2;9523286742;S
20240205;100001;7116.000000000;1;9523286743;S
20240205;100001;7120.500000000;4;9523286897;B
20240205;100002;7120.500000000;2;9523287667;B
20240205;100002;7120.500000000;5;9523287700;B
20240205;100002;7121.000000000;35;9523287701;B
20240205;100002;7121.000000000;2;9523287702;B
20240205;100002;7125.000000000;14;9523287703;B
20240205;100002;7125.000000000;2;9523287704;B
20240205;100002;7126.000000000;3;9523287705;B
20240205;100002;7128.000000000;9;9523287706;B
20240205;100002;7120.000000000;1;9523287746;S
20240205;100002;7120.500000000;1;9523287978;S
20240205;100002;7121.500000000;27;9523288004;B
20240205;100002;7122.500000000;1;9523288023;B
20240205;100002;7120.500000000;10;9523288543;B
20240205;100003;7120.500000000;1;9523288648;S
20240205;100003;7122.500000000;5;9523288807;B
20240205;100003;7122.500000000;8;9523288808;B
20240205;100003;7122.500000000;25;9523288823;B
20240205;100003;7122.500000000;6;9523288826;S
20240205;100003;7120.000000000;4;9523288845;S
20240205;100003;7120.000000000;5;9523288853;S
20240205;100003;7120.500000000;5;9523288854;S
20240205;100003;7120.500000000;8;9523288856;S
20240205;100003;7124.500000000;6;9523288902;B
20240205;100003;7125.000000000;53;9523289138;B
20240205;100003;7126.000000000;3;9523289139;B
20240205;100003;7129.000000000;81;9523289141;S
20240205;100003;7121.500000000;1;9523289146;S
20240205;100003;7121.500000000;2;9523289147;S
20240205;100003;7121.500000000;1;9523289148;S
20240205;100003;7122.000000000;1;9523289149;B
20240205;100003;7122.000000000;1;9523289150;B
20240205;100003;7122.000000000;9;9523289153;S
20240205;100003;7122.000000000;2;9523289157;S
20240205;100003;7121.500000000;8;9523289158;S
20240205;100003;7121.500000000;7;9523289159;S
20240205;100003;7122.000000000;3;9523289160;B
20240205;100003;7122.500000000;1;9523289378;S
20240205;100004;7123.500000000;1;9523290836;S
20240205;100005;7124.500000000;1;9523291300;S
20240205;100005;7124.000000000;7;9523291301;S
20240205;100005;7124.500000000;8;9523291558;B
20240205;100005;7129.500000000;4;9523291723;B
20240205;100005;7124.000000000;1;9523292159;S
20240205;100005;7124.000000000;2;9523292165;S
20240205;100005;7130.500000000;1;9523292173;B
20240205;100005;7132.000000000;1;9523292197;B
20240205;100005;7128.500000000;1;9523293004;S
20240205;100005;7128.500000000;7;9523293005;S
20240205;100005;7128.000000000;1;9523293035;S
20240205;100006;7128.000000000;3;9523293515;S
20240205;100006;7128.000000000;2;9523293547;S
20240205;100006;7128.000000000;2;9523293604;S
20240205;100006;7128.500000000;1;9523293702;B
20240205;100006;7128.500000000;1;9523293703;B
20240205;100006;7128.500000000;2;9523293704;B
20240205;100006;7128.000000000;1;9523295339;S
20240205;100006;7128.500000000;1;9523295381;B
20240205;100006;7128.000000000;7;9523295397;S
20240205;100006;7128.000000000;23;9523295398;S
20240205;100006;7124.000000000;6;9523295673;S
20240205;100006;7124.000000000;1;9523295674;S
20240205;100007;7131.500000000;1;9523297074;B
20240205;100007;7132.000000000;1;9523298449;B
20240205;100007;7128.000000000;1;9523298715;S
20240205;100007;7128.000000000;1;9523298795;S
20240205;100008;7128.000000000;1;9523299493;S
20240205;100008;7128.000000000;3;9523299511;S
20240205;100008;7129.000000000;1;9523300011;B
20240205;100008;7130.500000000;9;9523300012;B
20240205;100008;7132.000000000;6;9523301222;B
20240205;100008;7132.000000000;16;9523301267;B
20240205;100008;7132.500000000;12;9523301268;B
20240205;100008;7132.500000000;8;9523301440;B
20240205;100008;7133.000000000;3;9523301441;B
20240205;100008;7133.500000000;15;9523301442;B
20240205;100008;7133.500000000;4;9523301443;B
20240205;100009;7132.000000000;1;9523302455;B
20240205;100009;7128.500000000;1;9523302456;S
20240205;100009;7128.500000000;1;9523302602;S
20240205;100009;7128.500000000;1;9523302658;S
20240205;100009;7132.000000000;11;9523302716;B
20240205;100009;7132.000000000;5;9523302717;S
20240205;100009;7132.000000000;2;9523302718;S
20240205;100009;7132.000000000;1;9523302719;S
20240205;100009;7132.000000000;8;9523302726;S
20240205;100010;7132.000000000;7;9523303604;B
20240205;100010;7132.000000000;1;9523303669;B
20240205;100010;7133.000000000;1;9523303757;B
20240205;100010;7132.500000000;8;9523303845;B
20240205;100010;7130.000000000;1;9523304060;B
20240205;100010;7130.000000000;4;9523304061;B
20240205;100010;7129.500000000;3;9523304089;B
20240205;100011;7126.500000000;1;9523304403;S
20240205;100011;7130.500000000;3;9523304446;B
20240205;100011;7131.000000000;1;9523304447;B
20240205;100011;7126.500000000;3;9523304454;S
20240205;100011;7130.500000000;5;9523304460;B
20240205;100011;7130.500000000;4;9523304545;B
20240205;100011;7130.000000000;1;9523304592;S
20240205;100012;7128.500000000;1;9523304998;B
20240205;100012;7128.000000000;1;9523305124;S
20240205;100012;7124.500000000;16;9523305125;S
20240205;100012;7120.000000000;13;9523305126;S
20240205;100012;7128.000000000;1;9523305366;B
20240205;100013;7130.500000000;7;9523305947;S
20240205;100013;7125.000000000;4;9523305954;S
20240205;100013;7125.000000000;4;9523305955;S
20240205;100013;7125.000000000;2;9523305956;S
20240205;100013;7125.000000000;1;9523305958;S
20240205;100013;7125.000000000;22;9523305959;S
20240205;100013;7121.500000000;4;9523306035;S
20240205;100015;7125.500000000;100;9523307457;B
20240205;100017;7130.500000000;2;9523308760;B
20240205;100017;7127.000000000;11;9523308814;S
20240205;100017;7127.000000000;1;9523308821;S
20240205;100017;7127.000000000;1;9523308834;S
20240205;100017;7127.000000000;10;9523308965;S
20240205;100018;7123.500000000;10;9523309837;B
20240205;100022;7124.000000000;5;9523312231;S
20240205;100023;7124.000000000;5;9523312576;S
20240205;100024;7124.000000000;1;9523312913;S
20240205;100024;7119.500000000;1;9523312914;S
20240205;100024;7124.500000000;4;9523313129;B
20240205;100024;7125.000000000;22;9523313130;B
20240205;100024;7125.000000000;29;9523313131;B
20240205;100024;7125.500000000;43;9523313132;B
20240205;100024;7127.500000000;40;9523313133;B
20240205;100024;7127.500000000;60;9523313134;B
20240205;100024;7128.000000000;2;9523313135;B
20240205;100027;7127.000000000;2;9523314323;S
20240205;100027;7127.000000000;2;9523314324;S
20240205;100027;7127.000000000;1;9523314382;S
20240205;100027;7127.500000000;22;9523314681;B
20240205;100027;7128.000000000;78;9523314682;B
20240205;100029;7127.000000000;11;9523316078;S
20240205;100030;7127.000000000;8;9523316332;S
20240205;100030;7127.500000000;1;9523316438;B
20240205;100031;7127.000000000;2;9523316925;S
20240205;100036;7127.000000000;2;9523319272;S
20240205;100037;7127.000000000;1;9523319575;S
20240205;100037;7127.000000000;1;9523319774;S
20240205;100038;7127.500000000;3;9523319909;B
20240205;100042;7127.000000000;17;9523321168;S
20240205;100047;7126.000000000;1;9523322963;S
20240205;100051;7127.000000000;4;9523324371;S
20240205;100051;7121.500000000;1;9523324372;S
20240205;100051;7121.000000000;12;9523324373;S
20240205;100051;7121.000000000;39;9523324375;S
20240205;100052;7127.000000000;1;9523324881;S
20240205;100052;7121.000000000;4;9523324882;S
20240205;100052;7127.500000000;2;9523324944;B
20240205;100053;7121.000000000;2;9523325016;S
20240205;100054;7121.500000000;2;9523325475;B
20240205;100056;7121.500000000;1;9523326412;B
20240205;100059;7121.500000000;19;9523327325;B
20240205;100059;7122.000000000;31;9523327326;B
20240205;100059;7119.500000000;52;9523327428;S
20240205;100100;7119.000000000;4;9523327731;B
20240205;100102;7119.000000000;10;9523328456;B
20240205;100112;7118.500000000;28;9523331443;S
20240205;100117;7117.500000000;2;9523333100;S
20240205;100121;7118.000000000;14;9523334378;B
20240205;100122;7117.500000000;2;9523334615;S
20240205;100127;7117.500000000;1;9523335764;S
20240205;100127;7115.500000000;1;9523335765;S
20240205;100127;7115.500000000;1;9523335766;S
20240205;100127;7115.000000000;10;9523335767;S
20240205;100127;7115.000000000;15;9523335768;S
20240205;100127;7115.000000000;11;9523335769;S
20240205;100127;7114.000000000;51;9523335770;S
20240205;100127;7114.000000000;1;9523335771;S
20240205;100127;7114.000000000;1;9523335772;S
20240205;100133;7114.000000000;1;9523337533;S
20240205;100140;7114.000000000;3;9523339860;S
20240205;100140;7113.500000000;10;9523339861;S
20240205;100140;7112.000000000;2;9523339862;S
20240205;100140;7112.000000000;2;9523339863;S
20240205;100140;7111.000000000;3;9523339864;S
20240205;100140;7110.500000000;1;9523339865;S
20240205;100141;7110.500000000;1;9523340171;S
20240205;100141;7110.500000000;14;9523340172;S
20240205;100141;7110.000000000;10;9523340173;S
20240205;100141;7110.000000000;1;9523340174;S
20240205;100141;7110.000000000;44;9523340175;S
20240205;100144;7117.500000000;10;9523340958;B
20240205;100146;7110.000000000;13;9523341352;S
20240205;100146;7110.000000000;2;9523341353;S
20240205;100146;7107.500000000;4;9523341354;S
20240205;100146;7107.000000000;1;9523341355;S
20240205;100146;7105.500000000;15;9523341356;S
20240205;100146;7105.500000000;2;9523341357;S
20240205;100146;7105.000000000;1;9523341358;S
20240205;100146;7105.000000000;10;9523341359;S
20240205;100146;7104.500000000;60;9523341360;S
20240205;100146;7104.000000000;110;9523341361;S
20240205;100146;7103.000000000;14;9523341362;S
20240205;100146;7102.500000000;2;9523341363;S
20240205;100146;7102.500000000;200;9523341364;S
20240205;100146;7102.000000000;1;9523341365;S
20240205;100146;7102.000000000;20;9523341366;S
20240205;100146;7102.000000000;2;9523341367;S
20240205;100146;7102.000000000;40;9523341368;S
20240205;100146;7100.500000000;43;9523341369;S
20240205;100146;7100.500000000;1;9523341370;S
20240205;100146;7100.500000000;200;9523341371;S
20240205;100146;7100.000000000;6;9523341372;S
20240205;100146;7100.000000000;20;9523341373;S
20240205;100146;7100.000000000;3;9523341374;S
20240205;100146;7100.000000000;1;9523341375;S
20240205;100146;7100.000000000;6;9523341376;S
20240205;100146;7100.500000000;2;9523341379;S
20240205;100146;7100.500000000;5;9523341380;S
20240205;100146;7100.500000000;15;9523341381;S
20240205;100146;7100.000000000;6;9523341382;S
20240205;100146;7100.000000000;5;9523341383;S
20240205;100146;7100.000000000;1;9523341384;S
20240205;100146;7100.000000000;1;9523341385;S
20240205;100146;7100.000000000;1;9523341386;S
20240205;100146;7100.000000000;1;9523341387;S
20240205;100146;7100.000000000;1;9523341388;S
20240205;100146;7100.000000000;27;9523341389;S
20240205;100146;7100.000000000;1;9523341390;S
20240205;100146;7100.000000000;4;9523341391;S
20240205;100146;7100.000000000;3;9523341392;S
20240205;100146;7100.000000000;1;9523341393;S
20240205;100146;7100.000000000;50;9523341394;S
20240205;100146;7099.500000000;2;9523341395;S
20240205;100146;7099.500000000;2;9523341396;S
20240205;100146;7099.500000000;165;9523341397;S
20240205;100146;7099.500000000;1;9523341398;S
20240205;100146;7100.000000000;1;9523341399;S
20240205;100146;7100.000000000;21;9523341400;S
20240205;100146;7099.500000000;66;9523341401;S
20240205;100146;7100.000000000;20;9523341402;S
20240205;100146;7100.500000000;1;9523341447;S
20240205;100146;7100.500000000;3;9523341462;S
20240205;100146;7100.500000000;3;9523341463;S
20240205;100146;7100.500000000;3;9523341464;S
20240205;100146;7114.000000000;2;9523341474;S
20240205;100146;7100.500000000;8;9523341475;S
20240205;100146;7099.500000000;68;9523341497;S
20240205;100146;7098.000000000;8;9523341498;S
20240205;100146;7097.000000000;12;9523341499;S
20240205;100146;7096.500000000;2;9523341502;S
20240205;100146;7096.500000000;1;9523341505;S
20240205;100146;7096.500000000;1;9523341506;S
20240205;100146;7096.500000000;1;9523341515;S
20240205;100146;7095.500000000;1;9523341516;S
20240205;100146;7095.500000000;4;9523341518;S
20240205;100146;7095.500000000;14;9523341519;S
20240205;100146;7095.000000000;1;9523341520;S
20240205;100146;7095.000000000;9;9523341521;S
20240205;100146;7095.000000000;2;9523341524;S
20240205;100146;7095.000000000;1;9523341535;S
20240205;100146;7095.000000000;3;9523341536;S
20240205;100146;7093.000000000;2;9523341537;S
20240205;100146;7091.500000000;3;9523341538;S
20240205;100146;7091.500000000;5;9523341539;S
20240205;100146;7091.500000000;1;9523341543;S
20240205;100146;7091.500000000;3;9523341545;B
20240205;100146;7099.500000000;10;9523341546;B
20240205;100146;7099.500000000;1;9523341547;B
20240205;100146;7091.500000000;7;9523341548;S
20240205;100146;7091.500000000;2;9523341549;S
20240205;100146;7091.000000000;3;9523341550;S
20240205;100146;7099.500000000;3;9523341551;B
20240205;100146;7099.500000000;2;9523341552;B
20240205;100146;7091.500000000;2;9523341553;S
20240205;100146;7091.500000000;3;9523341554;S
20240205;100146;7091.000000000;7;9523341555;S
20240205;100146;7090.000000000;3;9523341556;S
20240205;100146;7090.000000000;3;9523341557;S
20240205;100146;7089.000000000;4;9523341558;S
20240205;100146;7088.000000000;28;9523341559;S
20240205;100146;7087.500000000;5;9523341560;S
20240205;100146;7087.500000000;1;9523341561;S
20240205;100146;7087.500000000;1;9523341562;S
20240205;100146;7087.500000000;1;9523341563;S
20240205;100146;7087.500000000;22;9523341564;S
20240205;100146;7087.000000000;27;9523341565;S
20240205;100146;7087.500000000;10;9523341568;S
20240205;100146;7087.500000000;12;9523341569;S
20240205;100146;7087.500000000;2;9523341570;S
20240205;100146;7087.000000000;8;9523341571;S
20240205;100146;7087.000000000;78;9523341572;S
20240205;100146;7089.500000000;7;9523341573;S
20240205;100146;7096.000000000;1;9523341574;B
20240205;100146;7099.500000000;1;9523341575;B
20240205;100146;7089.500000000;1;9523341576;S
20240205;100146;7087.000000000;34;9523341577;S
20240205;100146;7086.000000000;25;9523341578;S
20240205;100146;7086.000000000;1;9523341579;S
20240205;100146;7086.500000000;1;9523341580;S
20240205;100146;7086.000000000;9;9523341581;S
20240205;100146;7099.500000000;4;9523341583;B
20240205;100146;7086.500000000;1;9523341584;S
20240205;100146;7086.500000000;2;9523341586;S
20240205;100146;7099.500000000;1;9523341587;B
20240205;100146;7099.500000000;2;9523341588;B
20240205;100146;7099.500000000;1;9523341589;B
20240205;100146;7086.500000000;5;9523341590;S
20240205;100146;7086.000000000;1;9523341591;S
20240205;100146;7099.500000000;1;9523341593;B
20240205;100146;7099.500000000;30;9523341594;B
20240205;100146;7090.000000000;4;9523341595;S
20240205;100146;7086.500000000;26;9523341596;S
20240205;100146;7086.500000000;5;9523341597;S
20240205;100146;7086.000000000;40;9523341598;S
20240205;100146;7086.000000000;66;9523341599;S
20240205;100146;7086.000000000;1;9523341600;S
20240205;100146;7086.000000000;1;9523341601;S
20240205;100146;7086.000000000;1;9523341602;S
20240205;100146;7086.000000000;1;9523341603;S
20240205;100146;7085.000000000;1;9523341604;S
20240205;100146;7085.000000000;9;9523341605;S
20240205;100146;7085.000000000;15;9523341606;S
20240205;100146;7083.500000000;22;9523341607;S
20240205;100146;7083.000000000;70;9523341608;S
20240205;100146;7082.000000000;10;9523341609;S
20240205;100146;7082.000000000;103;9523341610;S
20240205;100146;7082.000000000;1;9523341611;S
20240205;100146;7082.000000000;20;9523341615;S
20240205;100146;7082.000000000;1;9523341616;S
20240205;100146;7082.000000000;15;9523341617;S
20240205;100146;7082.000000000;50;9523341618;S
20240205;100146;7095.000000000;2;9523341620;B
20240205;100146;7099.500000000;8;9523341621;B
20240205;100146;7099.500000000;1;9523341654;B
20240205;100146;7084.000000000;14;9523341657;S
20240205;100146;7083.500000000;22;9523341658;S
20240205;100146;7083.000000000;4;9523341659;S
20240205;100146;7097.500000000;1;9523341674;B
20240205;100147;7084.000000000;1;9523341748;S
20240205;100147;7090.000000000;40;9523341778;B
20240205;100147;7095.500000000;59;9523341779;B
20240205;100147;7096.000000000;51;9523341780;B
20240205;100147;7093.500000000;5;9523341799;S
20240205;100147;7084.500000000;5;9523341800;S
20240205;100147;7084.500000000;6;9523341801;S
20240205;100147;7085.000000000;1;9523341809;B
20240205;100147;7096.500000000;1;9523341810;B
20240205;100147;7096.500000000;2;9523341811;B
20240205;100147;7096.500000000;7;9523341812;B
20240205;100147;7097.500000000;4;9523341815;S
20240205;100147;7097.500000000;3;9523341817;S
20240205;100147;7097.500000000;1;9523341818;S
20240205;100147;7097.500000000;1;9523341828;S
20240205;100147;7097.500000000;2;9523341829;S
20240205;100147;7097.500000000;3;9523341830;S
20240205;100147;7097.500000000;6;9523341831;S
20240205;100147;7090.000000000;10;9523341832;B
20240205;100147;7089.500000000;1;9523341833;S
20240205;100147;7090.000000000;1;9523341836;B
20240205;100147;7089.500000000;4;9523341844;S
20240205;100147;7084.000000000;8;9523341845;S
20240205;100147;7090.000000000;1;9523341846;B
20240205;100147;7084.000000000;2;9523341847;S
20240205;100147;7084.000000000;1;9523341848;S
20240205;100147;7084.000000000;6;9523341849;S
20240205;100147;7084.000000000;1;9523341851;S
20240205;100147;7084.000000000;1;9523341852;S
20240205;100147;7084.000000000;3;9523341853;S
20240205;100147;7090.000000000;7;9523341855;B
20240205;100147;7084.000000000;8;9523341858;S
20240205;100147;7084.000000000;2;9523341859;S
20240205;100147;7084.000000000;1;9523341860;S
20240205;100147;7085.000000000;8;9523341867;S
20240205;100147;7085.000000000;7;9523341872;S
20240205;100147;7085.000000000;18;9523341878;S
20240205;100147;7089.000000000;2;9523341899;B
20240205;100147;7089.000000000;1;9523341902;B
20240205;100147;7085.000000000;1;9523341903;S
20240205;100147;7085.000000000;11;9523341930;S
20240205;100147;7084.500000000;24;9523341931;S
20240205;100147;7088.500000000;1;9523341972;B
20240205;100147;7084.500000000;2;9523342010;S
20240205;100148;7084.500000000;1;9523342015;S
20240205;100148;7085.000000000;1;9523342100;B
20240205;100148;7088.500000000;1;9523342102;B
20240205;100148;7088.500000000;1;9523342111;B
20240205;100148;7084.500000000;2;9523342171;S
20240205;100148;7085.000000000;1;9523342181;B
20240205;100148;7088.500000000;1;9523342188;B
20240205;100148;7088.500000000;1;9523342219;B
20240205;100148;7088.500000000;1;9523342226;B
20240205;100148;7088.500000000;1;9523342270;S
20240205;100148;7089.000000000;5;9523342332;B
20240205;100149;7089.000000000;5;9523342361;B
20240205;100149;7088.500000000;1;9523342362;S
20240205;100149;7089.000000000;13;9523342371;B
20240205;100149;7089.000000000;2;9523342372;B
20240205;100149;7088.500000000;1;9523342417;S
20240205;100149;7089.000000000;10;9523342476;B
20240205;100149;7089.000000000;1;9523342478;B
20240205;100149;7089.000000000;1;9523342484;B
20240205;100149;7089.500000000;1;9523342574;B
20240205;100149;7091.000000000;1;9523342581;B
20240205;100150;7091.000000000;3;9523342624;B
20240205;100150;7091.500000000;1;9523342642;S
20240205;100150;7092.000000000;1;9523342664;S
20240205;100150;7091.500000000;3;9523342665;S
20240205;100151;7093.000000000;1;9523342801;B
20240205;100151;7093.000000000;6;9523342865;B
20240205;100153;7094.500000000;3;9523343857;S
20240205;100153;7094.500000000;2;9523343858;S
20240205;100157;7095.000000000;1;9523345598;S
20240205;100200;7095.000000000;7;9523346194;S
20240205;100202;7095.000000000;1;9523346903;S
20240205;100203;7095.500000000;1;9523347161;B
20240205;100203;7096.000000000;1;9523347162;B
20240205;100203;7096.000000000;2;9523347163;B
20240205;100206;7096.000000000;10;9523347818;S
20240205;100207;7096.000000000;1;9523348253;S
20240205;100207;7096.000000000;1;9523348434;S
20240205;100208;7096.000000000;10;9523348531;S
20240205;100208;7096.000000000;10;9523348532;S
20240205;100208;7096.000000000;7;9523348533;S
20240205;100208;7096.000000000;37;9523348534;S
20240205;100208;7096.000000000;3;9523348535;S
20240205;100208;7096.000000000;4;9523348536;S
20240205;100208;7094.500000000;5;9523348537;S
20240205;100208;7094.000000000;1;9523348538;S
20240205;100208;7090.500000000;1;9523348539;S
20240205;100208;7090.500000000;3;9523348540;S
20240205;100208;7090.500000000;5;9523348541;S
20240205;100208;7089.000000000;1;9523348542;S
20240205;100208;7089.000000000;4;9523348543;S
20240205;100208;7088.500000000;1;9523348595;S
20240205;100209;7088.500000000;4;9523348791;S
20240205;100209;7088.500000000;1;9523348792;S
20240205;100209;7088.500000000;10;9523348793;S
20240205;100209;7088.500000000;10;9523348794;S
20240205;100209;7088.500000000;2;9523348795;S
20240205;100209;7088.500000000;10;9523348805;B
20240205;100209;7088.500000000;20;9523349169;B
20240205;100209;7088.500000000;1;9523349170;B
20240205;100210;7095.000000000;1;9523349474;B
20240205;100217;7088.500000000;1;9523351180;S
20240205;100217;7088.000000000;4;9523351181;S
20240205;100219;7094.000000000;2;9523351917;B
20240205;100221;7090.000000000;1;9523352748;S
20240205;100221;7093.500000000;17;9523352814;B
20240205;100222;7093.500000000;10;9523353132;B
20240205;100225;7093.000000000;3;9523354070;S
20240205;100225;7088.000000000;6;9523354071;S
20240205;100225;7088.000000000;1;9523354072;S
20240205;100225;7087.500000000;1;9523354073;S
20240205;100225;7087.000000000;10;9523354074;S
20240205;100225;7086.000000000;1;9523354075;S
20240205;100225;7085.500000000;27;9523354076;S
20240205;100225;7085.000000000;3;9523354077;S
20240205;100225;7084.500000000;1;9523354078;S
20240205;100225;7084.500000000;5;9523354079;S
20240205;100225;7084.000000000;1;9523354080;S
20240205;100225;7084.000000000;13;9523354081;S
20240205;100226;7084.000000000;2;9523354136;S
20240205;100226;7084.000000000;20;9523354137;S
20240205;100226;7083.500000000;5;9523354138;S
20240205;100226;7083.500000000;1;9523354139;S
20240205;100226;7083.000000000;1;9523354140;S
20240205;100227;7083.500000000;13;9523354506;S
20240205;100227;7083.500000000;12;9523354509;S
20240205;100227;7083.000000000;7;9523354737;S
20240205;100227;7082.500000000;1;9523354738;S
20240205;100227;7082.500000000;1;9523354739;S
20240205;100227;7082.500000000;1;9523354740;S
20240205;100241;7082.500000000;1;9523359150;S
20240205;100241;7082.000000000;1;9523359151;S
20240205;100241;7082.000000000;5;9523359152;B
20240205;100241;7082.000000000;5;9523359153;B
20240205;100242;7081.500000000;1;9523359295;S
20240205;100242;7081.500000000;2;9523359296;S
20240205;100242;7082.000000000;1;9523359519;B
20240205;100244;7081.000000000;1;9523359885;S
20240205;100244;7081.000000000;2;9523359886;S
20240205;100244;7081.000000000;3;9523360005;S
20240205;100244;7080.500000000;2;9523360006;S
20240205;100244;7081.000000000;1;9523360009;B
20240205;100244;7081.000000000;1;9523360018;B
20240205;100244;7081.500000000;6;9523360047;S
20240205;100245;7081.500000000;2;9523360053;S
20240205;100245;7081.500000000;3;9523360098;S
20240205;100245;7081.500000000;11;9523360124;S
20240205;100245;7081.500000000;1;9523360125;S
20240205;100245;7081.000000000;118;9523360126;S
20240205;100245;7081.000000000;15;9523360151;S
20240205;100245;7081.000000000;1;9523360160;S
20240205;100245;7082.000000000;5;9523360200;B
20240205;100246;7082.000000000;2;9523360400;B
20240205;100248;7082.000000000;1;9523360750;B
20240205;100251;7082.000000000;5;9523361528;B
20240205;100252;7082.000000000;1;9523361677;B
20240205;100256;7084.000000000;1;9523362758;S
20240205;100256;7084.000000000;2;9523362785;S
20240205;100256;7082.500000000;22;9523362786;S
20240205;100256;7082.000000000;1;9523362787;S
20240205;100256;7082.000000000;5;9523362788;S
20240205;100258;7082.500000000;2;9523363122;S
20240205;100300;7088.000000000;2;9523363530;B
20240205;100301;7085.500000000;14;9523363693;S
20240205;100302;7085.500000000;1;9523364047;S
20240205;100303;7085.500000000;1;9523364259;S
20240205;100305;7085.500000000;22;9523364721;S
20240205;100305;7085.000000000;28;9523364722;S
20240205;100311;7085.500000000;1;9523366118;S
20240205;100311;7085.000000000;1;9523366119;S
20240205;100314;7085.500000000;2;9523367052;S
20240205;100316;7085.500000000;2;9523367543;S
20240205;100316;7085.000000000;8;9523367544;S
20240205;100319;7087.500000000;1;9523368776;B
20240205;100319;7088.000000000;28;9523368777;B
20240205;100319;7090.000000000;5;9523368778;B
20240205;100321;7092.000000000;3;9523369099;B
20240205;100321;7094.500000000;2;9523369100;B
20240205;100321;7094.500000000;5;9523369101;B
20240205;100321;7088.500000000;2;9523369186;S
20240205;100321;7088.500000000;1;9523369187;S
20240205;100323;7095.500000000;10;9523369568;B
20240205;100324;7092.500000000;2;9523369752;S
20240205;100324;7092.000000000;1;9523369753;B
20240205;100324;7092.000000000;1;9523369754;B
20240205;100324;7092.000000000;3;9523369755;B
20240205;100324;7089.000000000;2;9523369756;S
20240205;100324;7089.000000000;2;9523369757;S
20240205;100324;7089.000000000;1;9523369758;B
20240205;100324;7089.000000000;1;9523369759;B
20240205;100324;7089.000000000;2;9523369760;B
20240205;100324;7089.000000000;1;9523369761;B
20240205;100324;7089.000000000;3;9523369762;B
20240205;100324;7089.000000000;4;9523369763;B
20240205;100324;7089.000000000;4;9523369764;B
20240205;100324;7089.000000000;28;9523369765;B
20240205;100324;7089.500000000;1;9523369766;B
20240205;100324;7089.500000000;2;9523369767;B
20240205;100325;7092.000000000;2;9523369790;B
20240205;100325;7088.500000000;1;9523369796;S
20240205;100334;7092.000000000;1;9523371773;B
20240205;100335;7092.000000000;2;9523371938;B
20240205;100338;7092.500000000;2;9523372469;B
20240205;100338;7094.000000000;2;9523372470;B
20240205;100338;7094.500000000;1;9523372471;B
20240205;100340;7090.000000000;2;9523372952;S
20240205;100340;7089.500000000;22;9523372953;S
20240205;100340;7089.500000000;10;9523372954;S
20240205;100340;7089.000000000;11;9523372955;S
20240205;100340;7088.000000000;62;9523372956;S
20240205;100344;7094.500000000;8;9523373921;B
20240205;100346;7094.500000000;6;9523374309;B
20240205;100346;7090.000000000;5;9523374416;S
20240205;100346;7090.000000000;2;9523374417;S
20240205;100346;7088.000000000;3;9523374418;S
20240205;100349;7094.000000000;1;9523375346;B
20240205;100355;7092.500000000;2;9523377081;S
20240205;100355;7092.000000000;3;9523377082;S
20240205;100355;7095.000000000;2;9523377208;B
20240205;100400;7095.000000000;2;9523378221;B
20240205;100402;7094.000000000;1;9523378602;S
20240205;100403;7095.500000000;1;9523378833;B
20240205;100403;7096.000000000;5;9523378834;B
20240205;100403;7096.000000000;2;9523378835;B
20240205;100403;7096.500000000;2;9523378836;B
20240205;100405;7094.000000000;1;9523379300;B
20240205;100408;7097.000000000;2;9523379906;B
20240205;100411;7095.500000000;2;9523380549;S
20240205;100411;7095.000000000;4;9523380550;S
20240205;100411;7095.000000000;13;9523380588;S
20240205;100412;7096.000000000;1;9523380811;B
20240205;100412;7095.000000000;2;9523380846;S
20240205;100413;7097.000000000;5;9523381001;B
20240205;100413;7097.500000000;2;9523381002;B
20240205;100413;7098.000000000;9;9523381003;B
20240205;100413;7098.000000000;10;9523381004;B
20240205;100413;7098.500000000;2;9523381005;B
20240205;100413;7098.500000000;7;9523381006;B
20240205;100413;7099.000000000;1;9523381007;B
20240205;100413;7099.000000000;5;9523381008;B
20240205;100413;7099.000000000;2;9523381009;B
20240205;100413;7099.000000000;1;9523381010;B
20240205;100413;7099.000000000;1;9523381011;B
20240205;100413;7099.000000000;21;9523381012;B
20240205;100413;7100.000000000;1;9523381013;B
20240205;100413;7100.000000000;30;9523381014;B
20240205;100413;7100.000000000;19;9523381015;B
20240205;100413;7100.000000000;1;9523381016;B
20240205;100413;7100.000000000;6;9523381017;B
20240205;100413;7100.000000000;1;9523381018;B
20240205;100413;7100.000000000;5;9523381019;B
20240205;100413;7100.000000000;3;9523381020;B
20240205;100413;7100.000000000;2;9523381021;B
20240205;100413;7100.000000000;4;9523381022;B
20240205;100413;7100.000000000;1;9523381023;B
20240205;100413;7100.000000000;5;9523381024;B
20240205;100413;7100.500000000;25;9523381025;B
20240205;100413;7103.000000000;2;9523381026;B
20240205;100413;7104.000000000;2;9523381027;B
20240205;100413;7104.500000000;1;9523381028;B
20240205;100414;7095.500000000;1;9523381122;S
20240205;100415;7104.500000000;2;9523381362;B
20240205;100426;7101.000000000;1;9523383374;S
20240205;100426;7097.000000000;1;9523383375;S
20240205;100426;7097.000000000;8;9523383376;B
20240205;100426;7102.500000000;1;9523383629;B
20240205;100429;7096.000000000;2;9523383985;S
20240205;100430;7100.000000000;1;9523384221;B
20240205;100430;7101.000000000;1;9523384222;S
20240205;100432;7101.000000000;1;9523384513;B
20240205;100433;7101.500000000;1;9523384783;B
20240205;100435;7101.000000000;1;9523385122;B
20240205;100435;7101.500000000;2;9523385123;B
20240205;100442;7096.000000000;2;9523386353;S
20240205;100442;7095.500000000;4;9523386354;S
20240205;100447;7101.000000000;1;9523387814;B
20240205;100452;7095.000000000;1;9523389015;S
20240205;100452;7095.000000000;1;9523389113;S
20240205;100452;7095.000000000;1;9523389114;S
20240205;100453;7099.500000000;1;9523389374;B
20240205;100456;7100.000000000;1;9523390061;B
20240205;100501;7103.500000000;50;9523391123;B
20240205;100501;7104.000000000;1;9523391124;B
20240205;100501;7104.000000000;2;9523391125;B
20240205;100501;7104.500000000;19;9523391126;B
20240205;100501;7105.000000000;10;9523391127;B
20240205;100501;7105.500000000;2;9523391128;B
20240205;100501;7106.000000000;10;9523391129;B
20240205;100501;7107.500000000;3;9523391130;B
20240205;100501;7108.500000000;1;9523391131;B
20240205;100501;7108.500000000;14;9523391132;B
20240205;100501;7110.000000000;22;9523391133;B
20240205;100501;7110.500000000;13;9523391134;B
20240205;100501;7110.500000000;20;9523391135;B
20240205;100501;7112.000000000;60;9523391136;B
20240205;100501;7112.500000000;1;9523391137;B
20240205;100501;7112.500000000;22;9523391138;B
20240205;100501;7103.000000000;3;9523391141;S
20240205;100504;7109.500000000;1;9523391722;B
20240205;100505;7107.500000000;1;9523392028;S
20240205;100505;7108.000000000;2;9523392214;S
20240205;100505;7107.500000000;8;9523392215;S
20240205;100507;7108.000000000;5;9523392704;S
20240205;100510;7107.000000000;2;9523393313;S
20240205;100510;7111.000000000;10;9523393387;B
20240205;100511;7110.000000000;1;9523393592;S
20240205;100512;7107.000000000;1;9523393798;S
20240205;100513;7110.500000000;1;9523393918;B
20240205;100513;7111.000000000;3;9523393919;B
20240205;100515;7108.000000000;1;9523394185;B
20240205;100517;7108.000000000;3;9523394917;B
20240205;100517;7108.000000000;2;9523394933;B
20240205;100517;7109.500000000;1;9523394934;B
20240205;100517;7109.500000000;1;9523394935;B
20240205;100517;7110.000000000;6;9523394936;B
20240205;100524;7107.000000000;2;9523396363;S
20240205;100524;7107.000000000;1;9523396364;S
20240205;100524;7106.500000000;1;9523396365;S
20240205;100537;7107.000000000;1;9523399010;S
20240205;100548;7109.000000000;1;9523401305;B
20240205;100549;7109.000000000;26;9523401435;B
20240205;100549;7109.000000000;23;9523401436;S
20240205;100551;7109.000000000;19;9523401905;S
20240205;100554;7109.000000000;2;9523402549;S
20240205;100557;7110.000000000;1;9523402983;B
20240205;100558;7109.000000000;4;9523403309;S
20240205;100559;7109.000000000;5;9523403428;S
20240205;100603;7109.500000000;1;9523404568;B
20240205;100608;7110.000000000;1;9523405649;B
20240205;100611;7109.500000000;1;9523406359;S
20240205;100612;7110.000000000;1;9523406436;B
20240205;100615;7110.000000000;4;9523407121;B
20240205;100615;7111.000000000;1;9523407122;B
20240205;100615;7111.000000000;1;9523407123;B
20240205;100615;7112.000000000;1;9523407124;B
20240205;100615;7112.000000000;8;9523407125;B
20240205;100615;7112.000000000;2;9523407126;B
20240205;100615;7112.500000000;48;9523407127;B
20240205;100615;7115.000000000;15;9523407128;B
20240205;100615;7117.000000000;1;9523407129;B
20240205;100615;7118.000000000;7;9523407130;B
20240205;100615;7118.500000000;22;9523407131;B
20240205;100615;7118.500000000;10;9523407132;B
20240205;100615;7119.000000000;40;9523407133;B
20240205;100615;7119.500000000;54;9523407134;B
20240205;100615;7121.000000000;26;9523407135;B
20240205;100615;7118.000000000;1;9523407184;S
20240205;100617;7110.500000000;1;9523407658;S
20240205;100617;7109.500000000;1;9523407659;S
20240205;100617;7109.500000000;13;9523407660;S
20240205;100627;7110.500000000;1;9523409727;S
20240205;100627;7110.000000000;1;9523409728;S
20240205;100627;7109.500000000;47;9523409729;S
20240205;100627;7109.000000000;21;9523409730;S
20240205;100627;7109.000000000;1;9523409731;S
20240205;100627;7109.000000000;2;9523409732;S
20240205;100627;7109.000000000;2;9523409733;S
20240205;100627;7108.000000000;20;9523409734;S
20240205;100627;7107.500000000;4;9523409735;S
20240205;100627;7107.000000000;1;9523409736;S
20240205;100627;7107.000000000;5;9523409737;S
20240205;100627;7107.000000000;5;9523409738;S
20240205;100627;7107.000000000;2;9523409739;S
20240205;100627;7106.500000000;4;9523409740;S
20240205;100627;7106.500000000;4;9523409741;S
20240205;100630;7109.000000000;1;9523410345;S
20240205;100631;7109.000000000;3;9523410553;S
20240205;100634;7109.500000000;2;9523411013;B
20240205;100635;7109.500000000;9;9523411283;B
20240205;100635;7110.500000000;1;9523411284;B
20240205;100635;7112.000000000;5;9523411285;B
20240205;100636;7115.000000000;1;9523411425;B
20240205;100636;7115.500000000;1;9523411426;B
20240205;100636;7117.500000000;1;9523411427;B
20240205;100636;7118.000000000;2;9523411428;B
20240205;100639;7107.500000000;3;9523412054;S
20240205;100642;7109.500000000;1;9523412565;S
20240205;100642;7107.500000000;4;9523412566;S
20240205;100642;7107.000000000;1;9523412567;S
20240205;100642;7106.500000000;4;9523412568;S
20240205;100649;7108.000000000;1;9523413979;S
20240205;100651;7107.500000000;4;9523414459;S
20240205;100651;7106.500000000;17;9523414460;S
20240205;100651;7106.000000000;5;9523414461;S
20240205;100651;7105.500000000;5;9523414462;S
20240205;100651;7105.000000000;5;9523414463;S
20240205;100651;7105.000000000;10;9523414464;S
20240205;100651;7105.000000000;23;9523414465;S
20240205;100714;7106.000000000;4;9523419368;S
20240205;100722;7106.500000000;1;9523421245;S
20240205;100722;7106.500000000;4;9523421246;B
20240205;100729;7106.500000000;1;9523422436;S
20240205;100729;7106.000000000;3;9523422437;S
20240205;100730;7106.000000000;3;9523422569;S
20240205;100736;7107.000000000;5;9523423818;B
20240205;100736;7107.500000000;1;9523423819;B
20240205;100736;7108.000000000;1;9523423820;B
20240205;100736;7108.000000000;1;9523423821;B
20240205;100736;7109.500000000;8;9523423822;B
20240205;100736;7110.000000000;1;9523423824;B
20240205;100737;7110.000000000;1;9523424004;B
20240205;100737;7114.000000000;1;9523424005;B
20240205;100737;7115.000000000;20;9523424006;S
20240205;100738;7116.000000000;5;9523424022;B
20240205;100738;7116.000000000;5;9523424023;S
20240205;100738;7116.000000000;4;9523424024;S
20240205;100740;7110.000000000;1;9523424507;S
20240205;100743;7113.500000000;1;9523424907;B
20240205;100746;7109.500000000;2;9523425401;S
20240205;100747;7113.500000000;1;9523425605;B
20240205;100758;7115.000000000;2;9523427914;B
20240205;100758;7115.500000000;1;9523427915;B
20240205;100758;7115.500000000;2;9523427916;B
20240205;100801;7115.000000000;1;9523428554;B
20240205;100801;7115.500000000;5;9523428555;B
20240205;100801;7115.500000000;10;9523428701;B
20240205;100804;7115.500000000;2;9523429307;B
20240205;100806;7115.500000000;39;9523429680;B
20240205;100806;7115.500000000;11;9523429681;S
20240205;100811;7110.000000000;1;9523430487;S
20240205;100816;7115.500000000;1;9523431589;B
20240205;100816;7115.500000000;1;9523431593;B
20240205;100824;7116.500000000;1;9523432936;B
20240205;100824;7117.000000000;1;9523432937;B
20240205;100834;7117.000000000;21;9523434484;B
20240205;100834;7117.000000000;1;9523434485;B
20240205;100834;7117.000000000;8;9523434486;B
20240205;100834;7117.000000000;15;9523434487;B
20240205;100836;7117.500000000;1;9523435005;S
20240205;100836;7117.500000000;1;9523435006;S
20240205;100836;7117.500000000;1;9523435007;S
20240205;100836;7117.500000000;1;9523435008;S
20240205;100836;7117.500000000;1;9523435009;S
20240205;100836;7118.000000000;1;9523435133;B
20240205;100836;7120.000000000;1;9523435134;S
20240205;100836;7120.000000000;1;9523435135;S
20240205;100841;7119.000000000;1;9523435942;B
20240205;100850;7117.000000000;6;9523437396;S
20240205;100853;7117.000000000;30;9523437912;S
20240205;100904;7119.000000000;1;9523439922;B
20240205;100906;7117.000000000;1;9523440697;S
20240205;100908;7119.000000000;1;9523441021;B
20240205;100908;7120.000000000;1;9523441022;B
20240205;100908;7120.500000000;1;9523441023;B
20240205;100908;7117.000000000;6;9523441097;S
20240205;100908;7117.000000000;1;9523441098;S
20240205;100911;7117.000000000;5;9523441705;B
20240205;100914;7117.000000000;38;9523442327;B
20240205;100914;7117.000000000;1;9523442328;B
20240205;100914;7118.000000000;1;9523442329;B
20240205;100917;7116.500000000;5;9523442859;S
20240205;100917;7116.500000000;1;9523442860;S
20240205;100917;7116.000000000;5;9523442861;S
20240205;100917;7116.000000000;2;9523442862;S
20240205;100917;7115.500000000;5;9523442863;S
20240205;100917;7115.000000000;10;9523442864;S
20240205;100917;7115.000000000;5;9523442865;S
20240205;100917;7114.500000000;5;9523442866;S
20240205;100917;7114.000000000;5;9523442867;S
20240205;100917;7113.500000000;5;9523442868;S
20240205;100917;7113.000000000;5;9523442869;S
20240205;100917;7112.500000000;5;9523442870;S
20240205;100917;7112.000000000;5;9523442871;S
20240205;100917;7111.500000000;5;9523442872;S
20240205;100917;7111.000000000;1;9523442873;S
20240205;100917;7111.000000000;5;9523442874;S
20240205;100917;7111.000000000;22;9523442875;S
20240205;100917;7111.000000000;1;9523442876;B
20240205;100917;7111.000000000;1;9523442877;B
20240205;100917;7111.000000000;1;9523442887;B
20240205;100919;7111.000000000;1;9523443161;B
20240205;100919;7119.500000000;1;9523443165;S
20240205;100919;7119.500000000;1;9523443166;S
20240205;100919;7119.500000000;1;9523443167;S
20240205;100919;7120.500000000;1;9523443168;B
20240205;100919;7120.500000000;1;9523443169;B
20240205;100919;7120.500000000;1;9523443171;B
20240205;100919;7120.500000000;1;9523443172;B
20240205;100919;7120.500000000;1;9523443173;B
20240205;100919;7120.000000000;1;9523443174;S
20240205;100919;7120.000000000;1;9523443175;S
20240205;100919;7120.500000000;5;9523443176;S
20240205;100919;7120.500000000;1;9523443177;S
20240205;100919;7120.500000000;1;9523443178;S
20240205;100926;7121.000000000;1;9523444437;B
20240205;100932;7113.000000000;38;9523445546;S
20240205;100936;7113.000000000;1;9523446195;S
20240205;100937;7113.000000000;1;9523446400;S
20240205;100940;7119.500000000;1;9523446822;B
20240205;100942;7118.500000000;8;9523447189;B
20240205;100944;7113.000000000;1;9523447483;S
20240205;100944;7111.500000000;2;9523447484;S
20240205;100944;7111.000000000;3;9523447485;S
20240205;100950;7118.000000000;2;9523448685;B
20240205;101003;7117.000000000;1;9523451346;B
20240205;101003;7117.000000000;1;9523451347;B
20240205;101005;7114.000000000;1;9523451771;S
20240205;101005;7114.000000000;9;9523451772;S
20240205;101005;7118.000000000;4;9523451778;B
20240205;101016;7116.000000000;1;9523453701;B
20240205;101016;7116.500000000;1;9523453702;B
20240205;101023;7116.000000000;1;9523454998;S
20240205;101031;7116.000000000;4;9523456709;S
20240205;101040;7117.000000000;1;9523458717;B
20240205;101040;7117.000000000;7;9523458718;B
20240205;101040;7117.000000000;7;9523458719;B
20240205;101042;7116.000000000;5;9523458981;S
20240205;101042;7116.000000000;1;9523458982;S
20240205;101043;7115.000000000;2;9523459277;S
20240205;101044;7116.000000000;1;9523459426;B
20240205;101047;7116.000000000;1;9523459894;B
20240205;101051;7116.500000000;1;9523460585;B
20240205;101053;7116.500000000;2;9523460797;B
20240205;101053;7116.500000000;17;9523460798;B
20240205;101055;7117.000000000;11;9523461251;B
20240205;101055;7117.000000000;1;9523461252;B
20240205;101058;7118.000000000;1;9523461970;B
20240205;101058;7117.000000000;1;9523462004;S
20240205;101059;7118.000000000;2;9523462401;B
20240205;101101;7118.000000000;1;9523462871;B
20240205;101102;7118.000000000;1;9523463114;B
20240205;101107;7118.000000000;1;9523464141;B
20240205;101107;7118.000000000;1;9523464142;B
20240205;101108;7117.000000000;1;9523464285;S
20240205;101111;7118.000000000;1;9523464587;B
20240205;101122;7118.000000000;1;9523466428;B
20240205;101122;7118.000000000;1;9523466429;B
20240205;101123;7117.000000000;1;9523466508;S
20240205;101123;7117.000000000;1;9523466551;S
20240205;101125;7117.000000000;1;9523466882;S
20240205;101125;7117.000000000;4;9523466883;S
20240205;101126;7118.000000000;1;9523466994;S
20240205;101128;7117.500000000;1;9523467407;S
20240205;101128;7118.000000000;1;9523467413;B
20240205;101132;7117.500000000;26;9523467998;S
20240205;101132;7118.000000000;1;9523468143;B
20240205;101135;7117.500000000;1;9523468664;S
20240205;101142;7118.000000000;1;9523469645;B
20240205;101144;7117.500000000;1;9523469899;S
20240205;101146;7118.000000000;1;9523470260;B
20240205;101147;7117.500000000;2;9523470338;S
20240205;101148;7117.500000000;2;9523470551;S
20240205;101152;7118.000000000;1;9523471040;B
20240205;101153;7118.000000000;2;9523471200;B
20240205;101156;7117.500000000;12;9523471662;S
20240205;101156;7117.500000000;1;9523471663;S
20240205;101156;7117.000000000;1;9523471664;S
20240205;101156;7116.500000000;1;9523471665;S
20240205;101156;7116.500000000;5;9523471666;S
20240205;101156;7116.500000000;2;9523471667;S
20240205;101157;7116.500000000;5;9523471829;S
20240205;101159;7118.000000000;1;9523472026;B
20240205;101159;7118.500000000;7;9523472027;B
20240205;101159;7119.500000000;22;9523472028;B
20240205;101159;7120.000000000;1;9523472029;B
20240205;101159;7120.000000000;4;9523472030;B
20240205;101159;7120.000000000;14;9523472031;B
20240205;101159;7121.000000000;1;9523472032;B
20240205;101219;7119.500000000;1;9523475801;B
20240205;101219;7119.500000000;2;9523475802;B
20240205;101219;7120.000000000;1;9523475803;B
20240205;101219;7120.000000000;7;9523475804;B
20240205;101221;7117.500000000;3;9523476245;S
20240205;101221;7117.000000000;2;9523476246;S
20240205;101222;7119.500000000;6;9523476484;B
20240205;101222;7120.000000000;9;9523476485;B
20240205;101224;7117.000000000;3;9523476752;S
20240205;101227;7117.000000000;2;9523477258;B
20240205;101229;7117.500000000;3;9523477756;B
20240205;101231;7117.000000000;10;9523478240;B
20240205;101233;7116.000000000;2;9523478588;S
20240205;101234;7117.000000000;12;9523478778;B
20240205;101234;7117.000000000;38;9523478779;B
20240205;101238;7116.000000000;5;9523479384;S
20240205;101238;7116.000000000;5;9523479385;S
20240205;101238;7116.000000000;1;9523479386;S
20240205;101238;7115.500000000;5;9523479387;S
20240205;101238;7115.500000000;2;9523479388;S
20240205;101238;7115.500000000;22;9523479389;S
20240205;101241;7115.000000000;2;9523479788;S
20240205;101242;7115.000000000;1;9523479903;S
20240205;101247;7115.000000000;4;9523480659;S
20240205;101249;7115.000000000;5;9523481004;S
20240205;101252;7115.000000000;4;9523481636;S
20240205;101253;7115.000000000;82;9523481799;S
20240205;101253;7115.000000000;5;9523481800;S
20240205;101253;7115.000000000;200;9523481801;S
20240205;101253;7115.000000000;5;9523481802;S
20240205;101253;7115.000000000;1;9523481803;S
20240205;101253;7115.000000000;2;9523481804;S
20240205;101253;7115.000000000;1;9523481805;S
20240205;101253;7115.000000000;4;9523481806;S
20240205;101254;7115.500000000;2;9523481883;B
20240205;101257;7115.000000000;15;9523482334;S
20240205;101258;7115.000000000;1;9523482538;S
20240205;101300;7115.000000000;1;9523482864;S
20240205;101300;7114.500000000;5;9523482865;S
20240205;101300;7114.000000000;5;9523482866;S
20240205;101300;7113.500000000;5;9523482867;S
20240205;101300;7113.000000000;5;9523482868;S
20240205;101301;7113.500000000;1;9523483016;B
20240205;101301;7112.500000000;5;9523483017;S
20240205;101302;7115.000000000;3;9523483234;B
20240205;101302;7115.000000000;7;9523483235;B
20240205;101304;7112.000000000;4;9523483552;S
20240205;101307;7115.500000000;3;9523484133;B
20240205;101307;7115.500000000;22;9523484134;B
20240205;101307;7116.000000000;13;9523484135;B
20240205;101307;7116.500000000;8;9523484136;B
20240205;101307;7117.000000000;44;9523484137;B
20240205;101311;7114.500000000;1;9523485135;B
20240205;101312;7114.500000000;21;9523485370;B
20240205;101312;7114.500000000;1;9523485371;S
20240205;101312;7112.000000000;1;9523485372;S
20240205;101320;7113.000000000;7;9523486821;S
20240205;101320;7113.000000000;80;9523486822;S
20240205;101320;7113.000000000;2;9523486823;S
20240205;101320;7112.500000000;50;9523486824;S
20240205;101320;7111.500000000;1;9523486825;S
20240205;101320;7111.500000000;1;9523486826;S
20240205;101320;7111.000000000;20;9523486827;S
20240205;101320;7111.000000000;10;9523486828;S
20240205;101320;7110.500000000;5;9523486829;S
20240205;101320;7110.000000000;4;9523486830;S
20240205;101320;7110.000000000;1;9523486831;S
20240205;101320;7110.000000000;10;9523486832;S
20240205;101320;7110.000000000;5;9523486833;S
20240205;101320;7110.000000000;42;9523486834;S
20240205;101337;7110.500000000;3;9523490208;S
20240205;101337;7110.000000000;47;9523490209;S
20240205;101338;7110.500000000;3;9523490396;S
20240205;101340;7110.500000000;2;9523490644;B
20240205;101341;7110.000000000;1;9523490796;S
20240205;101341;7110.000000000;5;9523490834;S
20240205;101343;7110.500000000;3;9523491625;B
20240205;101343;7111.500000000;3;9523491626;B
20240205;101343;7112.000000000;4;9523491627;B
20240205;101344;7110.000000000;5;9523491951;S
20240205;101349;7111.000000000;4;9523492650;S
20240205;101350;7111.000000000;24;9523492848;S
20240205;101350;7111.000000000;6;9523492849;S
20240205;101350;7111.500000000;2;9523492869;S
20240205;101350;7111.500000000;1;9523492870;S
20240205;101353;7112.000000000;5;9523493367;B
20240205;101358;7113.500000000;1;9523494116;B
20240205;101358;7111.000000000;5;9523494167;S
20240205;101358;7111.000000000;2;9523494168;S
20240205;101404;7111.000000000;20;9523495156;S
20240205;101405;7111.000000000;6;9523495232;S
20240205;101405;7111.000000000;3;9523495233;S
20240205;101405;7111.000000000;11;9523495234;S
20240205;101406;7111.500000000;1;9523495537;S
20240205;101406;7111.500000000;3;9523495538;S
20240205;101406;7110.500000000;20;9523495539;S
20240205;101406;7110.500000000;11;9523495540;S
20240205;101406;7110.500000000;28;9523495541;S
20240205;101406;7110.000000000;40;9523495542;S
20240205;101406;7110.000000000;20;9523495543;S
20240205;101406;7110.000000000;1;9523495544;S
20240205;101406;7110.000000000;5;9523495545;S
20240205;101406;7110.000000000;11;9523495546;S
20240205;101406;7110.000000000;1;9523495547;S
20240205;101406;7110.000000000;14;9523495548;S
20240205;101410;7113.000000000;4;9523496084;B
20240205;101410;7113.500000000;3;9523496085;B
20240205;101410;7113.500000000;80;9523496086;B
20240205;101410;7114.500000000;14;9523496087;B
20240205;101410;7115.000000000;84;9523496088;B
20240205;101410;7115.000000000;10;9523496089;B
20240205;101410;7115.000000000;4;9523496090;B
20240205;101410;7115.000000000;1;9523496091;B
20240205;101410;7115.000000000;11;9523496092;B
20240205;101417;7115.000000000;7;9523497524;S
20240205;101423;7115.000000000;1;9523498441;S
20240205;101432;7116.500000000;1;9523500274;B
20240205;101432;7117.000000000;2;9523500275;B
20240205;101432;7117.500000000;1;9523500276;B
20240205;101434;7118.000000000;1;9523500630;B
20240205;101441;7117.500000000;6;9523501530;B
20240205;101445;7115.000000000;2;9523502092;S
20240205;101451;7115.000000000;1;9523502955;S
20240205;101458;7117.000000000;3;9523504333;B
20240205;101500;7115.500000000;2;9523504779;S
20240205;101501;7115.500000000;1;9523504966;S
20240205;101501;7115.500000000;1;9523504976;S
20240205;101503;7116.000000000;2;9523505503;B
20240205;101503;7116.000000000;2;9523505504;B
20240205;101503;7116.500000000;6;9523505505;B
20240205;101504;7117.000000000;1;9523505648;B
20240205;101507;7115.500000000;24;9523506114;S
20240205;101507;7115.000000000;28;9523506115;S
20240205;101507;7115.000000000;2;9523506116;S
20240205;101508;7115.000000000;1;9523506403;B
20240205;101509;7115.000000000;2;9523506609;B
20240205;101521;7115.000000000;1;9523509615;S
20240205;101524;7115.000000000;1;9523510242;S
20240205;101526;7115.000000000;3;9523510738;S
20240205;101527;7115.000000000;1;9523510853;S
20240205;101527;7115.500000000;2;9523510895;B
20240205;101528;7115.500000000;26;9523511168;B
20240205;101528;7116.000000000;4;9523511169;B
20240205;101528;7116.500000000;22;9523511170;B
20240205;101528;7116.500000000;80;9523511171;B
20240205;101528;7117.000000000;7;9523511172;B
20240205;101528;7117.000000000;142;9523511173;B
20240205;101528;7117.000000000;20;9523511174;B
20240205;101528;7117.500000000;5;9523511175;B
20240205;101528;7117.500000000;138;9523511176;B
20240205;101530;7118.500000000;1;9523511443;B
20240205;101537;7118.500000000;1;9523513069;B
20240205;101539;7118.000000000;3;9523513518;S
20240205;101547;7118.500000000;1;9523515088;B
20240205;101550;7118.000000000;1;9523515586;B
20240205;101554;7118.000000000;1;9523516245;B
20240205;101601;7118.000000000;8;9523517632;B
20240205;101601;7118.000000000;5;9523517633;B
20240205;101603;7118.000000000;5;9523518067;B
20240205;101603;7118.000000000;3;9523518068;B
20240205;101603;7118.000000000;16;9523518069;B
20240205;101603;7119.000000000;16;9523518070;B
20240205;101606;7118.000000000;9;9523518936;S
20240205;101613;7119.000000000;1;9523520069;B
20240205;101615;7118.000000000;2;9523520620;S
20240205;101616;7119.000000000;10;9523520784;B
20240205;101618;7118.000000000;2;9523521367;S
20240205;101621;7119.000000000;1;9523522046;B
20240205;101630;7118.500000000;22;9523523842;S
20240205;101630;7118.000000000;10;9523523843;S
20240205;101630;7118.000000000;2;9523523844;S
20240205;101630;7118.000000000;10;9523523845;S
20240205;101631;7118.000000000;4;9523523904;B
20240205;101634;7118.000000000;52;9523524667;B
20240205;101634;7118.000000000;1;9523524670;S
20240205;101639;7118.500000000;1;9523525630;B
20240205;101640;7118.500000000;1;9523525901;S
20240205;101640;7118.500000000;8;9523525916;S
20240205;101642;7119.000000000;1;9523526281;B
20240205;101645;7119.000000000;1;9523526679;B
20240205;101646;7119.000000000;1;9523526790;B
20240205;101648;7119.000000000;1;9523527203;B
20240205;101652;7119.000000000;1;9523527902;B
20240205;101655;7119.000000000;2;9523528444;B
20240205;101655;7119.000000000;38;9523528445;B
20240205;101656;7119.000000000;1;9523528707;B
20240205;101659;7119.000000000;1;9523529136;B
20240205;101659;7118.500000000;13;9523529139;S
20240205;101659;7118.000000000;17;9523529140;S
20240205;101700;7119.000000000;20;9523529383;B
20240205;101703;7119.000000000;10;9523529837;B
20240205;101705;7118.500000000;7;9523530393;S
20240205;101714;7118.500000000;3;9523531969;S
20240205;101717;7119.000000000;3;9523532603;B
20240205;101720;7119.000000000;6;9523533183;B
20240205;101724;7118.500000000;2;9523533949;S
20240205;101726;7119.000000000;5;9523534241;B
20240205;101727;7119.000000000;46;9523534581;B
20240205;101727;7119.000000000;5;9523534582;B
20240205;101730;7119.000000000;4;9523535013;B
20240205;101730;7119.000000000;15;9523535070;B
20240205;101731;7119.000000000;26;9523535178;B
20240205;101731;7119.000000000;1;9523535179;B
20240205;101731;7119.500000000;6;9523535180;B
20240205;101731;7119.500000000;3;9523535181;B
20240205;101731;7120.000000000;14;9523535182;B
20240205;101731;7120.000000000;8;9523535183;B
20240205;101731;7120.000000000;5;9523535184;B
20240205;101731;7120.000000000;3;9523535185;B
20240205;101731;7120.000000000;13;9523535186;B
20240205;101731;7120.000000000;1;9523535187;B
20240205;101731;7120.000000000;1;9523535188;B
20240205;101731;7120.000000000;10;9523535189;B
20240205;101731;7120.000000000;1;9523535190;B
20240205;101731;7120.000000000;2;9523535191;B
20240205;101731;7120.000000000;7;9523535192;B
20240205;101731;7120.000000000;7;9523535193;B
20240205;101731;7120.000000000;2;9523535194;B
20240205;101731;7121.000000000;1;9523535252;B
20240205;101731;7121.000000000;1;9523535253;B
20240205;101731;7121.000000000;4;9523535254;B
20240205;101732;7121.000000000;1;9523535492;B
20240205;101734;7121.000000000;1;9523535992;B
20240205;101742;7121.000000000;1;9523537382;B
20240205;101745;7120.500000000;40;9523538180;S
20240205;101745;7120.500000000;3;9523538181;S
20240205;101745;7120.000000000;7;9523538182;S
20240205;101755;7120.000000000;3;9523540183;S
20240205;101755;7120.000000000;5;9523540184;S
20240205;101809;7119.000000000;2;9523543489;S
20240205;101812;7119.000000000;15;9523544526;S
20240205;101812;7119.000000000;5;9523544527;S
20240205;101812;7119.500000000;3;9523544640;B
20240205;101812;7120.000000000;2;9523544641;B
20240205;101812;7120.000000000;5;9523544642;B
20240205;101812;7120.000000000;1;9523544654;B
20240205;101818;7120.000000000;2;9523546305;B
20240205;101819;7120.000000000;1;9523546571;B
20240205;101819;7120.000000000;10;9523546583;B
20240205;101819;7120.000000000;10;9523546584;B
20240205;101819;7120.000000000;1;9523546585;B
20240205;101819;7120.500000000;20;9523546586;B
20240205;101819;7120.500000000;30;9523546587;B
20240205;101819;7121.000000000;3;9523546588;B
20240205;101819;7121.000000000;1;9523546589;B
20240205;101819;7121.000000000;2;9523546590;B
20240205;101819;7121.000000000;4;9523546591;B
20240205;101820;7121.000000000;4;9523546864;B
20240205;101822;7120.500000000;2;9523547336;S
20240205;101825;7121.000000000;6;9523548023;B
20240205;101830;7121.000000000;6;9523549585;B
20240205;101830;7121.000000000;5;9523549683;B
20240205;101833;7121.000000000;1;9523550158;S
20240205;101833;7121.000000000;3;9523550260;S
20240205;101846;7121.500000000;1;9523553496;B
20240205;101852;7121.500000000;1;9523554864;B
20240205;101852;7121.500000000;1;9523554865;B
20240205;101852;7121.500000000;2;9523554866;B
20240205;101852;7121.500000000;30;9523554867;B
20240205;101852;7121.500000000;10;9523554868;B
20240205;101852;7122.000000000;9;9523554870;B
20240205;101852;7122.000000000;5;9523554915;B
20240205;101852;7122.000000000;16;9523554920;B
20240205;101852;7122.000000000;6;9523554921;B
20240205;101852;7122.000000000;25;9523554922;B
20240205;101852;7122.500000000;35;9523554923;B
20240205;101852;7122.500000000;11;9523554925;B
20240205;101852;7122.500000000;6;9523554926;B
20240205;101852;7122.500000000;3;9523554996;B
20240205;101853;7122.500000000;4;9523555034;B
20240205;101854;7122.500000000;3;9523555430;B
20240205;101855;7122.000000000;7;9523555608;S
20240205;101905;7122.500000000;80;9523557726;B
20240205;101905;7122.500000000;30;9523557727;B
20240205;101905;7122.000000000;1;9523557860;S
20240205;101907;7122.000000000;5;9523558060;S
20240205;101912;7122.500000000;1;9523559053;B
20240205;101912;7122.000000000;15;9523559123;S
20240205;101912;7122.000000000;2;9523559124;S
20240205;101912;7122.000000000;13;9523559125;S
20240205;101914;7122.500000000;1;9523559407;B
20240205;101914;7122.500000000;1;9523559434;B
20240205;101914;7122.500000000;1;9523559481;B
20240205;101918;7122.500000000;2;9523560320;B
20240205;101919;7122.500000000;8;9523560483;B
20240205;101919;7122.000000000;27;9523560498;S
20240205;101919;7122.000000000;9;9523560499;S
20240205;101921;7122.500000000;6;9523560932;B
20240205;101921;7122.500000000;1;9523560933;B
20240205;101921;7123.000000000;1;9523560934;B
20240205;101921;7123.000000000;25;9523560935;B
20240205;101921;7123.000000000;138;9523560936;B
20240205;101921;7125.000000000;3;9523560938;B
20240205;101921;7125.000000000;67;9523560939;B
20240205;101921;7125.000000000;2;9523561113;B
20240205;101921;7124.500000000;9;9523561138;S
20240205;101921;7124.000000000;6;9523561139;S
20240205;101922;7125.000000000;1;9523561214;B
20240205;101922;7125.000000000;3;9523561363;B
20240205;101943;7124.000000000;3;9523565703;S
20240205;101943;7125.000000000;1;9523565791;B
20240205;101945;7125.000000000;26;9523566068;B
20240205;101945;7125.000000000;1;9523566069;B
20240205;101945;7125.000000000;10;9523566070;B
20240205;101945;7125.000000000;1;9523566071;B
20240205;101945;7125.000000000;5;9523566072;B
20240205;101945;7125.000000000;3;9523566073;B
20240205;101945;7125.000000000;2;9523566074;B
20240205;101945;7125.500000000;2;9523566203;B
20240205;101945;7126.000000000;2;9523566204;B
20240205;101945;7126.000000000;5;9523566205;B
20240205;101945;7126.000000000;10;9523566206;B
20240205;101945;7126.500000000;1;9523566207;B
20240205;101946;7126.000000000;19;9523566244;S
20240205;101946;7126.500000000;3;9523566323;B
20240205;101946;7126.500000000;1;9523566392;B
20240205;101946;7126.500000000;2;9523566411;B
20240205;101946;7127.000000000;5;9523566412;B
20240205;101946;7127.500000000;3;9523566413;B
20240205;101946;7127.500000000;5;9523566414;B
20240205;101946;7127.500000000;1;9523566415;B
20240205;101947;7127.500000000;1;9523566661;B
20240205;101948;7126.500000000;4;9523566930;S
20240205;101951;7127.500000000;2;9523567581;B
20240205;101951;7127.500000000;1;9523567646;B
20240205;101957;7126.500000000;1;9523569172;S
20240205;101959;7127.500000000;20;9523569496;B
20240205;102003;7128.000000000;3;9523570549;B
20240205;102005;7128.000000000;2;9523570907;B
20240205;102005;7128.500000000;5;9523570908;B
20240205;102005;7128.500000000;3;9523570909;B
20240205;102005;7128.500000000;34;9523570910;B
20240205;102007;7128.000000000;3;9523571285;S
20240205;102012;7128.000000000;1;9523574636;S
20240205;102013;7128.500000000;1;9523575095;B
20240205;102013;7129.000000000;3;9523575096;B
20240205;102013;7129.000000000;2;9523575139;B
20240205;102015;7128.000000000;1;9523575642;S
20240205;102023;7129.000000000;5;9523579145;B
20240205;102026;7129.000000000;1;9523580794;B
20240205;102027;7129.000000000;2;9523581620;B
20240205;102027;7129.000000000;4;9523581755;B
20240205;102029;7129.000000000;2;9523582476;B
20240205;102037;7129.000000000;1;9523585668;B
20240205;102037;7129.000000000;1;9523585680;B
20240205;102038;7128.000000000;17;9523586126;S
20240205;102038;7128.000000000;2;9523586127;S
20240205;102038;7128.000000000;3;9523586128;S
20240205;102038;7128.000000000;2;9523586129;S
20240205;102038;7128.000000000;11;9523586130;S
20240205;102038;7128.000000000;3;9523586131;S
20240205;102039;7128.000000000;4;9523586584;B
20240205;102040;7128.000000000;38;9523586743;B
20240205;102041;7128.000000000;15;9523586794;B
20240205;102041;7128.500000000;3;9523586795;B
20240205;102041;7128.500000000;4;9523586796;B
20240205;102041;7129.000000000;9;9523586797;B
20240205;102041;7129.000000000;1;9523586798;B
20240205;102042;7129.000000000;1;9523587069;S
20240205;102044;7129.000000000;2;9523587695;S
20240205;102057;7129.500000000;2;9523592470;B
20240205;102058;7129.500000000;1;9523593434;B
20240205;102058;7129.500000000;2;9523593462;B
20240205;102101;7129.500000000;5;9523594357;S
20240205;102103;7130.000000000;4;9523595118;B
20240205;102103;7130.000000000;5;9523595119;B
20240205;102103;7130.000000000;1;9523595120;B
20240205;102103;7130.000000000;10;9523595121;B
20240205;102103;7130.000000000;2;9523595122;B
20240205;102103;7130.000000000;1;9523595123;B
20240205;102103;7130.500000000;5;9523595124;B
20240205;102103;7130.500000000;2;9523595125;B
20240205;102103;7130.500000000;23;9523595205;B
20240205;102103;7130.500000000;3;9523595206;B
20240205;102103;7131.000000000;1;9523595207;B
20240205;102103;7131.000000000;1;9523595208;B
20240205;102103;7131.000000000;5;9523595209;B
20240205;102103;7131.000000000;1;9523595210;B
20240205;102103;7131.500000000;5;9523595211;B
20240205;102103;7131.500000000;1;9523595212;B
20240205;102103;7132.000000000;1;9523595213;B
20240205;102103;7132.000000000;5;9523595214;B
20240205;102103;7132.000000000;1;9523595215;B
20240205;102103;7132.500000000;5;9523595216;B
20240205;102103;7132.500000000;15;9523595217;B
20240205;102103;7133.000000000;5;9523595218;B
20240205;102103;7133.000000000;1;9523595219;B
20240205;102103;7133.000000000;20;9523595220;B
20240205;102103;7133.500000000;5;9523595221;B
20240205;102103;7134.000000000;5;9523595222;B
20240205;102103;7134.500000000;5;9523595223;B
20240205;102103;7134.500000000;42;9523595224;B
20240205;102103;7134.500000000;4;9523595225;B
20240205;102103;7135.000000000;15;9523595226;B
20240205;102103;7135.000000000;1;9523595227;B
20240205;102103;7135.000000000;5;9523595228;B
20240205;102103;7135.000000000;4;9523595229;B
20240205;102103;7135.000000000;20;9523595230;B
20240205;102103;7135.500000000;39;9523595231;B
20240205;102103;7135.500000000;2;9523595254;B
20240205;102103;7135.500000000;2;9523595279;B
20240205;102104;7135.000000000;4;9523595418;B
20240205;102104;7135.500000000;11;9523595425;B
20240205;102105;7135.000000000;50;9523596066;S
20240205;102106;7135.500000000;4;9523596705;B
20240205;102109;7135.000000000;8;9523597916;S
20240205;102110;7135.000000000;1;9523598031;S
20240205;102111;7135.500000000;1;9523598304;B
20240205;102111;7135.500000000;5;9523598305;B
20240205;102111;7135.500000000;3;9523598306;B
20240205;102111;7135.500000000;40;9523598307;B
20240205;102111;7136.000000000;1;9523598308;B
20240205;102111;7136.000000000;2;9523598717;B
20240205;102114;7135.500000000;3;9523599608;B
20240205;102114;7135.500000000;9;9523599609;B
20240205;102114;7136.000000000;2;9523599610;B
20240205;102114;7136.000000000;1;9523599611;B
20240205;102117;7135.500000000;1;9523600335;B
20240205;102119;7136.000000000;8;9523601819;B
20240205;102119;7136.000000000;1;9523601831;B
20240205;102125;7135.500000000;3;9523603537;B
20240205;102127;7136.000000000;3;9523603794;B
20240205;102127;7136.000000000;2;9523604296;B
20240205;102127;7136.000000000;30;9523604297;B
20240205;102127;7136.500000000;5;9523604298;B
20240205;102127;7137.000000000;8;9523604299;B
20240205;102127;7137.000000000;5;9523604300;B
20240205;102127;7137.000000000;1;9523604301;B
20240205;102127;7137.000000000;1;9523604302;B
20240205;102127;7137.000000000;1;9523604303;B
20240205;102127;7137.000000000;4;9523604304;B
20240205;102127;7137.000000000;3;9523604305;B
20240205;102127;7137.500000000;5;9523604306;B
20240205;102127;7138.000000000;5;9523604307;B
20240205;102127;7138.000000000;28;9523604308;B
20240205;102127;7138.500000000;5;9523604309;B
20240205;102127;7138.500000000;20;9523604310;B
20240205;102127;7139.000000000;5;9523604311;B
20240205;102127;7139.000000000;5;9523604312;B
20240205;102127;7139.000000000;1;9523604313;B
20240205;102127;7139.500000000;5;9523604314;B
20240205;102127;7139.500000000;4;9523604315;B
20240205;102127;7139.500000000;11;9523604316;B
20240205;102127;7139.500000000;2;9523604317;B
20240205;102127;7139.500000000;2;9523604318;B
20240205;102127;7139.500000000;22;9523604319;B
20240205;102127;7140.000000000;5;9523604320;B
20240205;102127;7140.000000000;3;9523604321;B
20240205;102127;7140.000000000;25;9523604322;B
20240205;102127;7140.000000000;1;9523604323;B
20240205;102127;7140.500000000;5;9523604324;B
20240205;102127;7140.500000000;31;9523604325;B
20240205;102128;7139.500000000;1;9523604881;B
20240205;102128;7139.500000000;49;9523604895;B
20240205;102128;7140.000000000;1;9523604896;B
20240205;102130;7137.000000000;1;9523605218;S
20240205;102144;7140.500000000;1;9523610255;B
20240205;102145;7140.500000000;4;9523610600;B
20240205;102145;7141.000000000;3;9523610637;B
20240205;102145;7141.000000000;1;9523610638;B
20240205;102145;7141.500000000;6;9523610639;B
20240205;102146;7141.000000000;2;9523610756;B
20240205;102146;7141.000000000;8;9523610757;B
20240205;102200;7138.000000000;1;9523616371;S
20240205;102209;7138.500000000;6;9523619683;B
20240205;102209;7140.000000000;4;9523619684;B
20240205;102209;7140.000000000;10;9523619685;B
20240205;102214;7140.000000000;12;9523621070;B
20240205;102214;7140.000000000;1;9523621071;B
20240205;102214;7140.500000000;1;9523621072;B
20240205;102214;7140.500000000;1;9523621073;B
20240205;102214;7140.500000000;4;9523621074;B
20240205;102214;7140.500000000;16;9523621094;S
20240205;102220;7140.500000000;6;9523623202;S
20240205;102221;7141.000000000;3;9523623747;B
20240205;102221;7141.000000000;1;9523623823;B
20240205;102222;7141.000000000;1;9523623902;B
20240205;102222;7141.000000000;1;9523623903;B
20240205;102224;7140.500000000;1;9523624404;S
20240205;102226;7140.500000000;1;9523625213;S
20240205;102226;7141.000000000;2;9523625232;B
20240205;102227;7140.500000000;1;9523625314;S
20240205;102228;7140.500000000;2;9523626093;S
20240205;102228;7140.500000000;1;9523626116;S
20240205;102230;7141.000000000;18;9523626398;B
20240205;102230;7141.000000000;2;9523626399;B
20240205;102231;7140.500000000;1;9523626989;S
20240205;102232;7140.500000000;1;9523627058;S
20240205;102232;7140.500000000;4;9523627094;S
20240205;102233;7140.500000000;1;9523627141;S
20240205;102233;7140.500000000;1;9523627288;S
20240205;102233;7140.500000000;1;9523627291;S
20240205;102235;7141.000000000;1;9523628057;B
20240205;102238;7140.500000000;4;9523629185;S
20240205;102239;7140.500000000;7;9523629525;S
20240205;102240;7140.500000000;2;9523629633;S
20240205;102240;7141.000000000;1;9523629707;B
20240205;102241;7140.500000000;1;9523629832;S
20240205;102242;7140.500000000;1;9523630032;S
20240205;102242;7141.000000000;1;9523630108;B
20240205;102242;7140.500000000;1;9523630124;S
20240205;102244;7141.000000000;8;9523630372;B
20240205;102244;7141.000000000;20;9523630425;B
20240205;102244;7141.000000000;11;9523630426;B
20240205;102244;7141.000000000;1;9523630427;B
20240205;102244;7141.000000000;9;9523630428;B
20240205;102244;7141.500000000;22;9523630429;B
20240205;102244;7141.500000000;4;9523630430;B
20240205;102244;7141.500000000;4;9523630431;B
20240205;102244;7141.500000000;28;9523630432;B
20240205;102244;7142.000000000;651;9523630433;B
20240205;102246;7141.000000000;1;9523631265;B
20240205;102246;7141.000000000;2;9523631266;B
20240205;102250;7140.500000000;10;9523633291;S
20240205;102251;7141.000000000;1;9523633300;B
20240205;102254;7140.500000000;1;9523634597;S
20240205;102255;7141.000000000;3;9523634718;B
20240205;102255;7141.500000000;4;9523634719;B
20240205;102255;7141.500000000;22;9523634720;B
20240205;102255;7141.500000000;11;9523634721;B
20240205;102255;7142.000000000;8;9523634722;B
20240205;102259;7142.000000000;1;9523635461;B
20240205;102259;7141.500000000;1;9523635562;S
20240205;102300;7141.500000000;15;9523635730;S
20240205;102300;7141.500000000;1;9523635768;S
20240205;102302;7141.500000000;5;9523637227;S
20240205;102302;7141.500000000;5;9523637622;S
20240205;102305;7142.000000000;30;9523638275;B
20240205;102305;7142.000000000;2;9523638276;B
20240205;102305;7142.000000000;8;9523638325;B
20240205;102305;7142.000000000;1;9523638326;B
20240205;102305;7142.000000000;6;9523638327;B
20240205;102305;7142.000000000;10;9523638328;B
20240205;102308;7141.500000000;4;9523638940;S
20240205;102309;7142.000000000;2;9523639504;B
20240205;102310;7142.000000000;2;9523639689;B
20240205;102312;7141.500000000;4;9523640833;S
20240205;102312;7142.000000000;1;9523640852;B
20240205;102312;7142.000000000;9;9523640853;B
20240205;102313;7141.500000000;6;9523641078;S
20240205;102313;7141.500000000;3;9523641182;S
20240205;102313;7142.000000000;13;9523641210;B
20240205;102313;7142.000000000;11;9523641211;B
20240205;102313;7142.000000000;6;9523641212;B
20240205;102313;7142.000000000;1;9523641213;B
20240205;102313;7142.000000000;1;9523641218;S
20240205;102314;7142.000000000;1;9523641291;S
20240205;102314;7142.000000000;10;9523641399;B
20240205;102316;7142.000000000;2;9523641621;B
20240205;102316;7142.000000000;10;9523641712;B
20240205;102316;7142.500000000;144;9523641713;B
20240205;102316;7142.500000000;20;9523641714;B
20240205;102316;7142.500000000;65;9523641715;B
20240205;102316;7142.500000000;6;9523641716;B
20240205;102316;7142.500000000;11;9523641717;B
20240205;102316;7143.000000000;138;9523641718;B
20240205;102323;7143.500000000;5;9523643898;B
20240205;102323;7143.000000000;3;9523643910;S
20240205;102324;7143.500000000;2;9523644480;S
20240205;102329;7143.500000000;1;9523646058;B
20240205;102329;7143.500000000;1;9523646059;B
20240205;102329;7144.000000000;10;9523646060;B
20240205;102329;7144.000000000;7;9523646061;B
20240205;102329;7144.000000000;7;9523646062;B
20240205;102329;7144.500000000;25;9523646063;B
20240205;102329;7145.000000000;3;9523646064;B
20240205;102329;7145.000000000;3;9523646065;B
20240205;102329;7145.500000000;1;9523646066;B
20240205;102329;7145.500000000;9;9523646067;B
20240205;102338;7144.000000000;1;9523649489;S
20240205;102343;7144.500000000;1;9523651005;B
20240205;102344;7144.000000000;1;9523651628;S
20240205;102344;7144.000000000;2;9523651629;S
20240205;102344;7143.500000000;2;9523651630;S
20240205;102344;7143.500000000;65;9523651631;S
20240205;102348;7144.500000000;1;9523652522;B
20240205;102348;7144.500000000;6;9523652523;B
20240205;102348;7144.500000000;3;9523652524;B
20240205;102350;7143.000000000;1;9523653216;S
20240205;102359;7144.500000000;3;9523656550;B
20240205;102404;7144.000000000;1;9523658093;B
20240205;102406;7144.000000000;1;9523658429;S
20240205;102406;7144.500000000;3;9523658472;B
20240205;102406;7144.500000000;1;9523658611;B
20240205;102409;7144.500000000;2;9523659775;B
20240205;102410;7144.500000000;5;9523660336;B
20240205;102410;7144.500000000;6;9523660337;B
20240205;102410;7145.000000000;1;9523660338;B
20240205;102410;7145.000000000;5;9523660339;B
20240205;102410;7145.000000000;7;9523660340;B
20240205;102410;7145.000000000;8;9523660341;B
20240205;102410;7145.500000000;5;9523660342;B
20240205;102410;7146.000000000;10;9523660343;B
20240205;102410;7146.500000000;78;9523660344;B
20240205;102410;7146.500000000;7;9523660398;B
20240205;102412;7145.500000000;1;9523660908;B
20240205;102418;7145.500000000;3;9523663146;B
20240205;102427;7145.500000000;3;9523666052;B
20240205;102429;7145.000000000;2;9523666309;S
20240205;102429;7144.500000000;3;9523666310;S
20240205;102429;7145.000000000;6;9523666773;B
20240205;102429;7145.500000000;1;9523666774;B
20240205;102429;7145.500000000;1;9523666775;B
20240205;102431;7145.500000000;2;9523667343;S
20240205;102431;7145.500000000;5;9523667345;S
20240205;102437;7144.000000000;1;9523668851;S
20240205;102439;7144.000000000;11;9523669431;S
20240205;102442;7144.500000000;1;9523670671;B
20240205;102452;7144.500000000;5;9523673796;S
20240205;102452;7145.000000000;1;9523674244;B
20240205;102452;7144.500000000;1;9523674249;S
20240205;102452;7144.500000000;1;9523674334;S
20240205;102455;7145.500000000;6;9523675591;B
20240205;102455;7146.000000000;1;9523675592;B
20240205;102455;7146.000000000;3;9523675593;B
20240205;102455;7146.000000000;10;9523675594;B
20240205;102455;7146.500000000;15;9523675595;B
20240205;102455;7147.500000000;3;9523675596;B
20240205;102455;7147.500000000;5;9523675597;B
20240205;102455;7148.000000000;1;9523675598;B
20240205;102455;7148.000000000;2;9523675599;B
20240205;102455;7148.000000000;1;9523675600;B
20240205;102455;7148.500000000;3;9523675601;B
20240205;102456;7147.500000000;1;9523676338;S
20240205;102459;7147.500000000;1;9523677130;S
20240205;102459;7148.000000000;1;9523677211;B
20240205;102505;7148.000000000;2;9523679039;B
20240205;102508;7147.500000000;1;9523680305;S
20240205;102512;7145.500000000;2;9523681264;S
20240205;102513;7145.000000000;1;9523681507;S
20240205;102513;7144.000000000;9;9523681508;S
20240205;102513;7144.000000000;2;9523681997;S
20240205;102516;7144.000000000;2;9523683096;S
20240205;102517;7145.000000000;1;9523683401;B
20240205;102518;7144.000000000;1;9523683539;S
20240205;102519;7144.000000000;1;9523683783;S
20240205;102524;7145.000000000;1;9523686178;B
20240205;102527;7144.000000000;1;9523686941;S
20240205;102528;7144.000000000;1;9523686986;S
20240205;102531;7144.000000000;100;9523688703;S
20240205;102531;7144.000000000;17;9523688705;S
20240205;102531;7144.000000000;2;9523688707;S
20240205;102531;7144.000000000;10;9523688708;S
20240205;102531;7144.000000000;1;9523688709;S
20240205;102532;7143.500000000;1;9523688859;S
20240205;102533;7143.000000000;1;9523689165;S
20240205;102534;7144.000000000;1;9523689349;B
20240205;102535;7143.000000000;2;9523689464;S
20240205;102536;7143.000000000;2;9523689772;S
20240205;102537;7143.000000000;5;9523690504;S
20240205;102537;7143.000000000;4;9523690505;S
20240205;102537;7143.000000000;1;9523690506;S
20240205;102539;7143.000000000;3;9523690821;S
20240205;102542;7143.500000000;5;9523691376;B
20240205;102543;7143.000000000;1;9523691669;S
20240205;102549;7142.000000000;1;9523692539;S
20240205;102550;7142.000000000;5;9523692799;B
20240205;102554;7141.500000000;2;9523696139;S
20240205;102554;7142.500000000;10;9523696392;B
20240205;102554;7142.500000000;5;9523696393;B
20240205;102554;7142.500000000;7;9523696394;B
20240205;102554;7143.000000000;2;9523696395;B
20240205;102554;7143.000000000;6;9523696396;B
20240205;102555;7142.500000000;1;9523696418;B
20240205;102555;7141.500000000;5;9523696614;S
20240205;102604;7142.000000000;5;9523699746;B
20240205;102604;7142.500000000;2;9523699747;B
20240205;102607;7141.500000000;3;9523700768;S
20240205;102620;7141.500000000;1;9523704958;S
20240205;102623;7141.500000000;1;9523705423;S
20240205;102626;7141.500000000;1;9523706146;S
20240205;102629;7141.500000000;1;9523706612;S
20240205;102631;7141.500000000;6;9523707084;S
20240205;102633;7141.500000000;1;9523707289;S
20240205;102634;7141.500000000;5;9523707419;S
20240205;102635;7141.500000000;1;9523707636;S
20240205;102636;7141.500000000;1;9523707729;S
20240205;102637;7141.500000000;50;9523707979;S
20240205;102637;7141.500000000;2;9523707980;S
20240205;102637;7141.500000000;11;9523707981;S
20240205;102637;7142.000000000;2;9523708048;B
20240205;102638;7141.500000000;1;9523708213;S
20240205;102638;7141.500000000;4;9523708288;S
20240205;102639;7141.500000000;1;9523708552;S
20240205;102642;7141.500000000;4;9523708946;S
20240205;102643;7141.500000000;15;9523709174;S
20240205;102643;7140.500000000;2;9523709183;S
20240205;102643;7140.500000000;1;9523709206;S
20240205;102643;7140.500000000;4;9523709323;S
20240205;102643;7140.500000000;1;9523709324;S
20240205;102644;7141.000000000;5;9523709361;B
20240205;102644;7141.500000000;15;9523709362;B
20240205;102644;7142.500000000;10;9523709363;B
20240205;102644;7142.500000000;22;9523709364;B
20240205;102644;7143.000000000;36;9523709365;B
20240205;102644;7143.000000000;11;9523709366;B
20240205;102644;7143.500000000;2;9523709367;B
20240205;102644;7144.000000000;20;9523709368;B
20240205;102644;7144.500000000;11;9523709369;B
20240205;102644;7145.000000000;28;9523709370;B
20240205;102644;7145.500000000;1;9523709371;B
20240205;102644;7146.000000000;20;9523709372;B
20240205;102644;7146.500000000;5;9523709373;B
20240205;102644;7147.000000000;5;9523709374;B
20240205;102644;7147.500000000;9;9523709375;B
20240205;102647;7140.500000000;9;9523710052;S
20240205;102647;7140.500000000;1;9523710053;S
20240205;102647;7140.000000000;4;9523710054;S
20240205;102647;7140.000000000;3;9523710055;S
20240205;102647;7140.000000000;2;9523710056;S
20240205;102647;7140.000000000;1;9523710057;S
20240205;102647;7140.500000000;10;9523710088;S
20240205;102649;7142.500000000;1;9523710556;B
20240205;102654;7140.500000000;2;9523711747;S
20240205;102658;7140.500000000;9;9523712278;S
20240205;102658;7140.000000000;2;9523712280;S
20240205;102658;7140.500000000;2;9523712438;B
20240205;102658;7141.000000000;1;9523712439;B
20240205;102703;7140.000000000;1;9523713193;S
20240205;102706;7140.000000000;1;9523713792;S
20240205;102710;7140.000000000;5;9523714339;S
20240205;102710;7139.000000000;55;9523714340;S
20240205;102710;7139.000000000;5;9523714344;S
20240205;102718;7140.000000000;5;9523715546;S
20240205;102729;7140.000000000;1;9523717899;S
20240205;102729;7140.000000000;1;9523717920;S
20240205;102733;7140.000000000;1;9523718587;S
20240205;102733;7138.000000000;6;9523718588;S
20240205;102737;7138.000000000;9;9523719325;S
20240205;102737;7138.000000000;10;9523719326;S
20240205;102737;7137.500000000;10;9523719327;S
20240205;102737;7137.500000000;25;9523719328;S
20240205;102737;7137.500000000;40;9523719329;S
20240205;102737;7137.000000000;30;9523719330;S
20240205;102737;7137.000000000;20;9523719331;S
20240205;102737;7136.000000000;2;9523719332;S
20240205;102737;7136.000000000;21;9523719333;S
20240205;102737;7135.500000000;3;9523719334;S
20240205;102737;7135.500000000;5;9523719335;S
20240205;102737;7135.000000000;1;9523719336;S
20240205;102737;7135.000000000;11;9523719337;S
20240205;102737;7135.000000000;20;9523719338;S
20240205;102737;7134.500000000;40;9523719339;S
20240205;102737;7133.500000000;20;9523719340;S
20240205;102737;7133.000000000;11;9523719341;S
20240205;102737;7131.500000000;3;9523719342;S
20240205;102738;7134.500000000;2;9523719596;S
20240205;102739;7134.500000000;10;9523719833;S
20240205;102750;7133.000000000;2;9523721950;S
20240205;102750;7133.000000000;3;9523721951;S
20240205;102752;7133.000000000;9;9523722298;S
20240205;102756;7136.000000000;2;9523722975;B
20240205;102812;7134.500000000;2;9523725777;B
20240205;102812;7134.500000000;3;9523725778;B
20240205;102812;7135.000000000;10;9523725779;B
20240205;102815;7135.000000000;12;9523726667;B
20240205;102816;7135.000000000;6;9523726781;S
20240205;102822;7135.000000000;82;9523727932;S
20240205;102822;7135.000000000;3;9523727933;S
20240205;102822;7131.500000000;11;9523727934;S
20240205;102822;7131.500000000;80;9523727935;S
20240205;102822;7131.000000000;5;9523727936;S
20240205;102822;7130.500000000;20;9523727937;S
20240205;102822;7130.500000000;28;9523727938;S
20240205;102822;7130.000000000;6;9523727939;S
20240205;102822;7130.000000000;1;9523727940;S
20240205;102822;7129.500000000;2;9523727941;S
20240205;102822;7129.000000000;15;9523727942;S
20240205;102822;7128.500000000;28;9523727943;S
20240205;102839;7131.000000000;7;9523730635;S
20240205;102840;7131.000000000;1;9523730779;S
20240205;102847;7131.000000000;2;9523731994;S
20240205;102858;7133.500000000;3;9523733918;B
20240205;102901;7134.500000000;1;9523734463;S
20240205;102906;7137.000000000;1;9523735420;B
20240205;102907;7137.000000000;1;9523735574;B
20240205;102912;7137.000000000;1;9523736692;B
20240205;102914;7137.000000000;11;9523736974;B
20240205;102914;7137.000000000;2;9523736975;B
20240205;102914;7137.000000000;1;9523736976;B
20240205;102914;7138.000000000;6;9523736977;B
20240205;102921;7137.000000000;1;9523738112;S
20240205;102928;7137.500000000;2;9523739091;B
20240205;102928;7137.500000000;1;9523739092;B
20240205;102944;7138.500000000;1;9523742722;B
20240205;102950;7139.000000000;1;9523743926;B
20240205;102950;7139.500000000;3;9523743927;B
20240205;102950;7140.000000000;1;9523743928;B
20240205;102950;7140.000000000;3;9523743929;B
20240205;102957;7142.000000000;10;9523745236;B
20240205;103005;7142.000000000;5;9523746906;B
20240205;103010;7140.500000000;9;9523747612;B
20240205;103010;7140.500000000;5;9523747613;B
20240205;103018;7139.500000000;75;9523749128;B
20240205;103018;7139.500000000;5;9523749129;B
20240205;103018;7140.000000000;5;9523749130;B
20240205;103020;7142.000000000;10;9523749515;S
20240205;103021;7142.500000000;5;9523749578;B
20240205;103021;7143.500000000;2;9523749579;B
20240205;103021;7143.500000000;3;9523749580;B
20240205;103021;7145.000000000;1;9523749581;B
20240205;103021;7145.000000000;1;9523749694;B
20240205;103021;7145.000000000;1;9523749695;B
20240205;103023;7144.000000000;11;9523750053;S
20240205;103030;7142.500000000;3;9523751359;S
20240205;103031;7144.500000000;2;9523751450;B
20240205;103031;7146.500000000;12;9523751451;B
20240205;103036;7145.500000000;1;9523752140;S
20240205;103038;7147.500000000;1;9523752378;B
20240205;103039;7146.500000000;1;9523752597;S
20240205;103043;7145.500000000;3;9523753263;S
20240205;103047;7145.500000000;1;9523753825;S
20240205;103050;7145.500000000;5;9523754339;S
20240205;103054;7146.000000000;1;9523755127;B
20240205;103059;7145.000000000;1;9523755944;S
20240205;103110;7145.500000000;2;9523758581;B
20240205;103112;7145.500000000;1;9523758799;B
20240205;103114;7145.500000000;1;9523759300;B
20240205;103114;7145.500000000;1;9523759301;B
20240205;103123;7145.500000000;1;9523760703;B
20240205;103126;7145.500000000;2;9523761223;B
20240205;103130;7145.500000000;2;9523761866;B
20240205;103131;7145.500000000;1;9523762192;B
20240205;103138;7145.500000000;16;9523763446;B
20240205;103141;7145.500000000;7;9523763881;B
20240205;103141;7145.500000000;27;9523763882;B
20240205;103141;7145.500000000;1;9523763883;B
20240205;103141;7145.500000000;1;9523763884;B
20240205;103141;7146.000000000;3;9523763885;B
20240205;103141;7146.000000000;3;9523763886;B
20240205;103141;7147.000000000;1;9523763887;B
20240205;103141;7148.000000000;1;9523763888;B
20240205;103141;7148.000000000;1;9523763889;B
20240205;103141;7148.000000000;1;9523763890;B
20240205;103141;7148.000000000;5;9523763891;B
20240205;103141;7148.000000000;20;9523763892;B
20240205;103141;7148.000000000;6;9523763893;B
20240205;103141;7148.500000000;1;9523763894;B
20240205;103141;7148.500000000;7;9523763895;B
20240205;103141;7149.000000000;1;9523763896;B
20240205;103141;7149.000000000;10;9523763897;B
20240205;103141;7149.000000000;11;9523763898;B
20240205;103141;7149.000000000;11;9523763899;B
20240205;103141;7149.000000000;22;9523763900;B
20240205;103141;7149.500000000;3;9523763901;B
20240205;103141;7149.500000000;1;9523763902;B
20240205;103141;7149.500000000;3;9523763903;B
20240205;103141;7149.500000000;80;9523763904;B
20240205;103141;7150.000000000;1;9523763905;B
20240205;103141;7150.000000000;2;9523763906;B
20240205;103141;7150.000000000;9;9523763907;B
20240205;103141;7150.000000000;50;9523763908;B
20240205;103141;7150.000000000;1;9523763909;B
20240205;103141;7150.000000000;1;9523763910;B
20240205;103141;7150.000000000;1;9523763911;B
20240205;103141;7150.000000000;3;9523763912;B
20240205;103141;7150.000000000;50;9523763913;B
20240205;103141;7150.000000000;1;9523763914;B
20240205;103141;7150.000000000;20;9523763915;B
20240205;103141;7151.000000000;3;9523763916;B
20240205;103141;7151.000000000;40;9523763917;B
20240205;103141;7151.000000000;6;9523763918;S
20240205;103141;7151.000000000;14;9523763927;S
20240205;103141;7151.000000000;2;9523764000;S
20240205;103142;7151.000000000;5;9523764141;S
20240205;103142;7151.000000000;50;9523764167;S
20240205;103142;7151.500000000;14;9523764194;B
20240205;103143;7151.500000000;7;9523764316;B
20240205;103144;7151.500000000;1;9523764440;B
20240205;103145;7151.500000000;3;9523764552;B
20240205;103145;7151.500000000;1;9523764553;B
20240205;103145;7152.000000000;4;9523764554;B
20240205;103145;7152.000000000;2;9523764651;S
20240205;103148;7152.500000000;2;9523765116;B
20240205;103148;7152.000000000;1;9523765237;S
20240205;103154;7152.500000000;1;9523766848;B
20240205;103157;7152.000000000;20;9523767423;S
20240205;103157;7152.500000000;1;9523767474;B
20240205;103158;7152.000000000;1;9523767673;S
20240205;103202;7152.500000000;1;9523768381;B
20240205;103202;7152.500000000;1;9523768412;B
20240205;103203;7152.000000000;98;9523768549;S
20240205;103203;7152.000000000;1;9523768550;S
20240205;103203;7152.000000000;1;9523768551;S
20240205;103204;7152.500000000;22;9523768651;B
20240205;103204;7152.500000000;27;9523768652;B
20240205;103204;7152.500000000;1;9523768653;B
20240205;103204;7152.500000000;22;9523768654;B
20240205;103204;7153.000000000;4;9523768655;B
20240205;103204;7153.000000000;9;9523768735;S
20240205;103204;7153.000000000;3;9523768780;S
20240205;103206;7153.500000000;3;9523769049;B
20240205;103206;7153.500000000;6;9523769050;B
20240205;103208;7153.500000000;1;9523769491;B
20240205;103211;7153.000000000;5;9523770288;S
20240205;103212;7153.500000000;10;9523770448;B
20240205;103212;7153.500000000;1;9523770474;B
20240205;103212;7153.500000000;1;9523770511;B
20240205;103213;7153.000000000;1;9523770555;S
20240205;103213;7153.000000000;1;9523770558;S
20240205;103216;7153.500000000;10;9523771301;B
20240205;103216;7153.500000000;6;9523771302;B
20240205;103216;7153.500000000;27;9523771303;B
20240205;103216;7154.000000000;2;9523771304;B
20240205;103216;7154.000000000;40;9523771305;B
20240205;103216;7154.000000000;1;9523771306;B
20240205;103216;7154.000000000;4;9523771307;B
20240205;103216;7154.500000000;5;9523771308;B
20240205;103216;7154.500000000;12;9523771309;B
20240205;103216;7153.500000000;2;9523771313;S
20240205;103216;7154.000000000;2;9523771387;B
20240205;103217;7154.000000000;2;9523771419;B
20240205;103220;7153.500000000;6;9523772179;S
20240205;103220;7153.500000000;94;9523772180;S
20240205;103223;7154.000000000;1;9523772649;B
20240205;103223;7154.000000000;2;9523772650;B
20240205;103231;7153.500000000;6;9523774102;S
20240205;103231;7153.500000000;1;9523774103;S
20240205;103231;7153.000000000;8;9523774104;S
20240205;103236;7153.500000000;22;9523774831;B
20240205;103236;7153.500000000;1;9523774832;B
20240205;103236;7153.500000000;1;9523774833;B
20240205;103236;7154.000000000;1;9523774834;B
20240205;103245;7154.000000000;1;9523776543;B
20240205;103246;7153.000000000;2;9523776684;S
20240205;103253;7154.000000000;1;9523777854;B
20240205;103255;7153.000000000;91;9523778617;S
20240205;103256;7153.500000000;1;9523778917;B
20240205;103256;7153.500000000;1;9523778918;B
20240205;103256;7154.000000000;8;9523778919;B
20240205;103257;7153.000000000;70;9523779090;S
20240205;103302;7153.000000000;34;9523779836;S
20240205;103302;7153.000000000;2;9523779912;B
20240205;103305;7153.000000000;3;9523780454;B
20240205;103311;7153.000000000;4;9523781493;B
20240205;103311;7153.000000000;1;9523781494;B
20240205;103313;7152.000000000;1;9523781989;S
20240205;103318;7152.000000000;1;9523782653;S
20240205;103320;7152.500000000;1;9523783078;B
20240205;103321;7152.500000000;4;9523783129;S
20240205;103332;7152.000000000;1;9523785134;S
20240205;103334;7153.500000000;1;9523785314;B
20240205;103334;7153.500000000;3;9523785315;B
20240205;103334;7152.000000000;27;9523785438;S
20240205;103335;7152.000000000;9;9523785523;S
20240205;103335;7152.000000000;10;9523785524;S
20240205;103336;7152.500000000;1;9523785813;B
20240205;103338;7152.500000000;1;9523786139;B
20240205;103339;7152.000000000;1;9523786261;S
20240205;103340;7152.000000000;1;9523786400;S
20240205;103341;7152.500000000;1;9523786715;B
20240205;103343;7152.000000000;1;9523787026;S
20240205;103343;7152.000000000;4;9523787039;S
20240205;103343;7152.000000000;5;9523787040;S
20240205;103343;7152.000000000;1;9523787041;S
20240205;103343;7152.000000000;5;9523787114;S
20240205;103401;7148.500000000;1;9523790998;S
20240205;103405;7150.000000000;1;9523791768;B
20240205;103409;7150.000000000;2;9523792366;B
20240205;103409;7150.000000000;3;9523792381;S
20240205;103417;7150.000000000;3;9523793483;S
20240205;103420;7150.500000000;1;9523793992;S
20240205;103421;7150.500000000;5;9523794095;S
20240205;103421;7150.500000000;1;9523794108;S
20240205;103422;7150.500000000;3;9523794174;S
20240205;103422;7150.000000000;2;9523794175;S
20240205;103422;7150.000000000;6;9523794257;S
20240205;103422;7149.000000000;2;9523794258;S
20240205;103422;7148.500000000;2;9523794259;S
20240205;103431;7147.500000000;1;9523795742;S
20240205;103431;7149.000000000;2;9523795834;B
20240205;103431;7149.000000000;10;9523795855;S
20240205;103433;7149.000000000;2;9523796195;S
20240205;103436;7149.000000000;1;9523796523;S
20240205;103436;7149.000000000;1;9523796530;S
20240205;103437;7150.000000000;1;9523796719;B
20240205;103437;7151.000000000;1;9523796791;B
20240205;103446;7149.000000000;3;9523798312;S
20240205;103459;7149.500000000;1;9523800502;S
20240205;103501;7150.000000000;1;9523800832;S
20240205;103501;7151.500000000;2;9523801000;B
20240205;103506;7151.000000000;2;9523802016;B
20240205;103507;7150.000000000;1;9523802208;S
20240205;103509;7151.000000000;1;9523802465;B
20240205;103510;7151.000000000;4;9523802661;B
20240205;103522;7151.000000000;1;9523805122;B
20240205;103527;7150.500000000;1;9523806015;S
20240205;103529;7150.000000000;1;9523806400;S
20240205;103531;7151.000000000;2;9523806725;B
20240205;103532;7150.000000000;1;9523806904;S
20240205;103532;7150.000000000;1;9523806991;S
20240205;103533;7151.000000000;14;9523807159;B
20240205;103533;7151.000000000;1;9523807255;B
20240205;103537;7150.000000000;1;9523807797;S
20240205;103542;7151.000000000;73;9523808714;B
20240205;103542;7151.000000000;3;9523808715;B
20240205;103543;7151.500000000;3;9523809026;B
20240205;103544;7151.500000000;1;9523809122;B
20240205;103544;7151.000000000;20;9523809127;S
20240205;103544;7151.000000000;13;9523809151;S
20240205;103546;7151.000000000;1;9523809505;S
20240205;103546;7151.000000000;4;9523809506;S
20240205;103546;7150.500000000;3;9523809507;S
20240205;103546;7150.000000000;4;9523809508;S
20240205;103546;7150.000000000;2;9523809509;S
20240205;103546;7150.000000000;6;9523809510;S
20240205;103557;7151.000000000;1;9523811618;B
20240205;103601;7151.000000000;2;9523812715;B
20240205;103607;7151.000000000;1;9523813831;B
20240205;103613;7150.000000000;1;9523814843;S
20240205;103615;7151.000000000;1;9523815313;B
20240205;103623;7151.000000000;1;9523816853;B
20240205;103624;7151.000000000;2;9523817070;B
20240205;103624;7151.000000000;3;9523817071;B
20240205;103624;7151.000000000;13;9523817072;B
20240205;103624;7151.000000000;8;9523817073;B
20240205;103625;7151.000000000;1;9523817597;S
20240205;103628;7151.000000000;1;9523818727;S
20240205;103631;7152.000000000;1;9523819288;B
20240205;103631;7152.000000000;1;9523819289;B
20240205;103634;7151.000000000;1;9523820003;S
20240205;103634;7152.000000000;1;9523820021;B
20240205;103634;7152.000000000;2;9523820022;B
20240205;103639;7151.500000000;2;9523821457;S
20240205;103642;7151.500000000;3;9523821919;B
20240205;103642;7151.500000000;7;9523821920;B
20240205;103643;7151.000000000;1;9523822109;S
20240205;103643;7150.500000000;3;9523822110;S
20240205;103643;7150.000000000;1;9523822111;S
20240205;103643;7150.000000000;1;9523822112;S
20240205;103643;7150.000000000;5;9523822113;S
20240205;103643;7149.500000000;9;9523822114;S
20240205;103651;7152.000000000;15;9523824124;B
20240205;103652;7151.500000000;2;9523824136;S
20240205;103653;7152.000000000;27;9523824440;B
20240205;103653;7152.000000000;3;9523824441;B
20240205;103653;7152.500000000;4;9523824442;B
20240205;103653;7153.000000000;11;9523824443;B
20240205;103653;7153.500000000;15;9523824444;B
20240205;103655;7152.500000000;1;9523824743;S
20240205;103655;7153.500000000;1;9523824762;B
20240205;103655;7153.500000000;4;9523824854;B
20240205;103700;7153.000000000;2;9523825613;S
20240205;103701;7154.000000000;2;9523825830;B
20240205;103701;7153.500000000;2;9523825860;S
20240205;103704;7151.000000000;20;9523826646;S
20240205;103705;7151.000000000;16;9523826768;S
20240205;103707;7152.000000000;3;9523827243;B
20240205;103707;7152.000000000;22;9523827244;B
20240205;103711;7150.500000000;3;9523827793;S
20240205;103711;7150.000000000;5;9523827794;S
20240205;103711;7150.000000000;42;9523827795;S
20240205;103726;7153.000000000;3;9523830519;B
20240205;103727;7151.500000000;1;9523830722;S
20240205;103727;7151.000000000;5;9523830723;S
20240205;103727;7150.500000000;3;9523830724;S
20240205;103727;7150.500000000;19;9523830725;S
20240205;103729;7150.500000000;2;9523830919;S
20240205;103729;7150.500000000;21;9523830920;S
20240205;103740;7150.500000000;4;9523832863;S
20240205;103740;7150.500000000;1;9523832864;S
20240205;103740;7150.000000000;1;9523832865;S
20240205;103740;7150.500000000;1;9523832919;S
20240205;103740;7150.000000000;19;9523832920;S
20240205;103741;7151.500000000;2;9523832946;B
20240205;103742;7150.000000000;1;9523833140;S
20240205;103747;7150.500000000;1;9523834127;S
20240205;103747;7150.000000000;5;9523834128;S
20240205;103749;7150.000000000;1;9523834492;S
20240205;103752;7152.000000000;10;9523834866;B
20240205;103752;7152.500000000;3;9523834867;B
20240205;103752;7152.500000000;5;9523834868;B
20240205;103801;7152.000000000;3;9523836579;B
20240205;103801;7151.500000000;2;9523836639;B
20240205;103803;7150.500000000;2;9523836965;S
20240205;103803;7150.000000000;19;9523836966;S
20240205;103809;7150.000000000;1;9523837837;S
20240205;103814;7151.500000000;1;9523838700;B
20240205;103815;7151.500000000;1;9523838807;B
20240205;103830;7150.500000000;1;9523841126;S
20240205;103831;7151.500000000;2;9523841153;B
20240205;103832;7150.000000000;2;9523841395;S
20240205;103833;7150.500000000;1;9523841507;B
20240205;103835;7150.500000000;1;9523842125;S
20240205;103836;7150.000000000;1;9523842141;S
20240205;103840;7150.500000000;1;9523842902;S
20240205;103844;7151.500000000;1;9523843742;B
20240205;103844;7152.000000000;5;9523843778;B
20240205;103847;7151.500000000;22;9523844250;S
20240205;103849;7151.500000000;4;9523844453;S
20240205;103849;7151.500000000;1;9523844500;S
20240205;103849;7151.500000000;4;9523844589;S
20240205;103849;7152.000000000;40;9523844724;B
20240205;103849;7152.000000000;2;9523844725;B
20240205;103850;7153.000000000;2;9523844868;S
20240205;103856;7153.500000000;10;9523845609;S
20240205;103901;7154.000000000;2;9523846305;B
20240205;103901;7153.500000000;1;9523846320;S
20240205;103901;7154.000000000;1;9523846334;B
20240205;103903;7153.500000000;1;9523846680;S
20240205;103906;7153.500000000;5;9523847247;S
20240205;103908;7154.000000000;1;9523847568;B
20240205;103908;7154.000000000;2;9523847569;B
20240205;103908;7154.000000000;10;9523847570;B
20240205;103908;7154.000000000;1;9523847571;B
20240205;103909;7153.500000000;5;9523847652;S
20240205;103909;7154.000000000;2;9523847725;B
20240205;103909;7154.500000000;1;9523847726;B
20240205;103910;7153.500000000;1;9523847858;S
20240205;103911;7153.500000000;1;9523847952;S
20240205;103915;7154.000000000;51;9523848630;B
20240205;103916;7153.500000000;1;9523848851;S
20240205;103916;7153.500000000;1;9523848917;S
20240205;103921;7153.500000000;1;9523849605;S
20240205;103923;7154.000000000;1;9523850008;B
20240205;103925;7154.000000000;20;9523850288;B
20240205;103927;7154.000000000;1;9523850586;B
20240205;103928;7153.500000000;1;9523850981;S
20240205;103928;7154.000000000;2;9523851113;B
20240205;103931;7154.000000000;2;9523851451;B
20240205;103932;7154.000000000;1;9523851612;B
20240205;103935;7153.500000000;6;9523852139;S
20240205;103938;7153.500000000;15;9523852695;S
20240205;103941;7153.500000000;1;9523853310;S
20240205;103942;7153.500000000;2;9523853381;S
20240205;103944;7153.500000000;2;9523853707;S
20240205;103945;7154.000000000;2;9523853771;B
20240205;103945;7154.000000000;1;9523853772;B
20240205;103945;7154.500000000;7;9523853773;B
20240205;103945;7154.500000000;3;9523853819;B
20240205;103945;7154.500000000;1;9523853950;B
20240205;103946;7154.500000000;4;9523854027;B
20240205;103950;7154.000000000;17;9523854791;S
20240205;103950;7154.000000000;53;9523854792;S
20240205;103952;7154.500000000;2;9523855075;B
20240205;103953;7154.000000000;2;9523855165;S
20240205;103953;7154.000000000;1;9523855204;S
20240205;103953;7154.500000000;7;9523855240;B
20240205;103953;7154.500000000;13;9523855241;B
